3312 5226
933 429 975 499 36

879 525 1030 532 —-—---—.

460 829 660 894 Transeamus
683 830 720 892 ad
742 849 793 892 eas
807 831 966 911 lectiones,
989 847 1063 911 quas
1077 829 1212 890 Rhianus
1226 845 1263 892 ex
1279 824 1432 889 veteribus
1453 824 1537 887 llbris

374 935 518 1013 suscepit.
563 935 603 994 bc
625 936 757 1013 primum
779 933 899 1013 quidem
922 932 1018 993 locum
1041 938 1162 991 teneant
1184 949 1252 1001 cae,
1275 932 1307 991 in
1330 930 1441 1010 quibus
1461 929 1537 991 baud

375 1036 502 1097 obscura
525 1036 779 1097 Pisistrateae
803 1032 947 1095 editionis
967 1035 1092 1112 vestigia
1115 1031 1390 1113 deprehenduntur.

344 1134 367 1197 4
462 1134 572 1202 2295.
616 1137 650 1199 ln
672 1138 863 1207 narratione,
891 1155 950 1216 qua
978 1133 1092 1205 Vlixes,
1121 1141 1154 1194 nt
1174 1134 1337 1195 Eumaeum
1365 1134 1402 1195 de
1425 1135 1537 1212 origine

375 1259 428 1301 sua
451 1241 540 1310 celet,
571 1239 744 1300 Cretensem
768 1258 800 1300 se
825 1258 894 1311 ¹esse
923 1238 1043 1300 simulat
1071 1238 1168 1314 longis
1200 1235 1356 1297 erroribus
1388 1238 1536 1304 iactatum,

375 1337 450 1403 dicit
470 1360 501 1403 se
525 1350 620 1403 toturn
644 1360 753 1404 annum
783 1343 815 1403 in
838 1341 988 1402 Phoenica
1017 1345 1162 1402 moratum
1186 1346 1216 1399 et
1236 1343 1341 1418 postea
1363 1337 1400 1398 ab
1422 1338 1537 1418 hospite

373 1444 534 1504 Phoenicio
563 1444 629 1505 navi
656 1446 820 1524 inpositum
843 1462 923 1512 esse,
946 1449 979 1502 ut
1001 1443 1030 1502 in
1046 1441 1170 1521 Libyam
1193 1441 1449 1520 proficisceretur:

526 1542 560 1607 ἐ(
580 1543 699 1623 Λιβύην
721 1544 757 1623 μ’
779 1543 830 1608 ἐπὶ
852 1544 931 1621 vnde
953 1541 1113 1606 ἐέεεοτο
1136 1539 1369 1619 ποντοπόροιο.

375 1647 474 1707 Schol.
498 1644 622 1710 ‘Prende
644 1667 738 1725 φηςιν
762 1645 974 1726 ἐφέτεατο,
996 1642 1184 1721 Ζηνόδοτο(
1205 1643 1408 1722 ἐφείτατο.
1433 1643 1468 1703 ll.
1499 1644 1537 1704 De

375 1755 526 1809 structura
548 1749 636 1809 buius
658 1748 718 1808 loci
739 1767 801 1808 non
823 1754 881 1817 est,
905 1748 984 1827 quod
1008 1747 1209 1826 disputemus,
1241 1765 1308 1808 cum
1331 1745 1368 1808 ab
1391 1748 1538 1825 interpre-

374 1850 456 1911 tibus
477 1852 550 1911 satis
573 1850 719 1929 explicata
743 1867 838 1929 neque
862 1867 878 1909 a
901 1848 1015 1910 libiano
1031 1856 1143 1910 mutata
1166 1850 1219 1918 sit;
1244 1849 1280 1908 de
1303 1846 1418 1926 vulgata
1442 1856 1539 1908 autem

374 1951 503 2012 lectione
532 1950 825 2011 animadvertendum
859 1959 918 2020 est,
954 1950 1080 2011 lormam
1113 1948 1256 2020 ἐέτεατο,
1291 1950 1326 2010 de
1356 1952 1442 2009 cuius
1470 1966 1539 2026 aug·

375 2060 476 2114 mento
492 2053 613 2114 insolito
635 2053 702 2113 vide
717 2053 838 2112 Ameisii
862 2052 1006 2131 append,
1030 2058 1151 2132 praeter
1166 2052 1244 2112 bunc
1259 2069 1379 2111 versum
1395 2068 1538 2130 nusquam

375 2156 453 2234 apud
469 2154 632 2215 Homerum
654 2156 800 2224 inveniri,
823 2153 855 2214 id
876 2152 957 2233 quod
978 2154 1010 2213 in
1033 2171 1121 2214 causa
1144 2154 1238 2214 fuisse
1261 2151 1392 2221 videtur,
1417 2171 1472 2212 our
1487 2152 1539 2212 Ze·

375 2256 501 2317 nodotus
535 2263 565 2316 et
591 2256 726 2318 Rhianus
757 2273 791 2316 ea
826 2254 1058 2315 offenderentur.
1105 2255 1212 2335 ¹Neque
1246 2273 1317 2315 vero
1351 2253 1538 2332 inprobabile

375 2364 433 2426 est,
458 2365 487 2417 et
508 2359 665 2435 utriusque
688 2357 927 2418 emendationem
951 2364 981 2416 et
994 2357 1147 2434 vulgarem
1169 2358 1343 2429 lectionem,
1369 2361 1458 2432 quam
1475 2357 1539 2416 Ari·

374 2459 512 2520 starchus
533 2462 664 2539 recepit,
688 2458 919 2520 a-Pisistrateae
943 2458 1086 2519 editionis
1108 2460 1256 2537 scriptura
1272 2453 1448 2519 ΕΦΕῈΑΤΟ
1472 2475 1538 2538 pro-

374 2563 468 2622 lectas
490 2578 571 2633 esse,
594 2563 626 2621 in
649 2578 708 2638 qua
730 2561 861 2622 litteram
884 2558 912 2621 Φ
939 2577 1047 2639 parum
1075 2560 1216 2621 distincte
1246 2562 1389 2639 scriptam
1418 2567 1470 2621 aut
1494 2578 1538 2618 ve·

373 2669 484 2724 tustate
514 2661 715 2723 oblitteratam
742 2661 785 2722 illi
813 2669 896 2722 recte
924 2663 1117 2741 interpretati
1139 2668 1222 2735 sunt,
1259 2662 1353 2721 ceteri
1381 2679 1538 2742 perperam

373 2782 428 2843 pro
451 2764 601 2841 digammo
624 2763 805 2824 babuerunt.
849 2762 960 2823 Rhiani
982 2771 1079 2824 autem
1103 2763 1262 2823 lectionem
1286 2771 1316 2822 et
1337 2762 1453 2841 vulgata
1477 2761 1538 2824 ἑέε-

374 2884 451 2928 (ατο
474 2852 505 2925 et
527 2865 694 2926 Zen'odotea
717 2867 864 2945 potiorem
887 2883 953 2926 esse
977 2865 1129 2935 coneedit,
1160 2868 1282 2944 opinor,
1311 2866 1447 2945 quisquis
1470 2884 1538 2926 eon·

373 2968 551 3028 sideraverit
573 2986 678 3029 versus
701 2964 788 3029 1455
811 2966 934 3045 μήποτε
953 2965 1106 3042 γούνοτιν
1130 2963 1213 3030 οἷον
1235 2964 1418 3044 {peccarem
1441 2964 1539 3044 φίλον

373 3065 459 3149 υἱόν,
482 3087 505 3131 π
519 3065 584 3131 443
606 3065 709 3144 ἐπεὶῆ
733 3068 790 3130 καὶ
810 3066 866 3146 ἐμὲ
880 3067 1099 3145 πτολίπορθος
1121 3066 1290 3132 Ὀδοεεεὺε
1312 3065 1450 3131 πολλάκι
1465 3066 1538 3143 γού·

373 3187 463 3232 ναειν
486 3166 567 3233 οἷον
596 3168 811 3248 ἐφεεεάμενο(
839 3180 914 3250 cet,
942 3168 1046 3233 0277
1076 3167 1160 3232 ἀλλά
1189 3189 1226 3248 με
1253 3168 1331 3245 vnde
1359 3168 1489 3247 ἔφεεεαι
1511 3176 1539 3229 et

373 3271 515 3351 Hesychii
536 3273 817 3351 interpretationem
840 3269 1013 3349 ἐφέεεατο·
1036 3269 1231 3349 ἐπεβάλλετο
1254 3278 1284 3331 et
1305 3269 1449 3348 ἑφέεεαι·
1472 3271 1539 3334 ἐπι-

372 3371 493 3435 καθίται
515 3376 553 3454 τῇ
576 3371 644 3450 νηΐ,
669 3391 796 3453 quacum
819 3376 971 3454 conspirat
993 3373 1086 3434 schol.
1111 3374 1146 3434 ad
1170 3369 1267 3437 vare
1288 3375 1320 3433 in
1339 3375 1408 3446 cod.
1425 3374 1462 3442 V,
1487 3372 1538 3434 ubi

373 3471 502 3551 ἑφέττοι
529 3473 622 3534 simili
645 3476 732 3535 modo
761 3475 926 3554 explicatur
947 3473 1071 3552 ibpdcou
1100 3473 1145 3538 εἰ(
1171 3473 1230 3552 τὴν
1258 3474 1348 3538 ναῦν.
1392 3476 1540 3536 Discimus

372 3594 409 3636 ex
431 3576 479 3636 his
500 3575 589 3646 lociS,
612 3596 674 3637 non
696 3577 791 3638 solum
808 3577 951 3638 Zenodoti
974 3576 1047 3637 illud
1069 3574 1219 3654 ἐφείεατο
1243 3583 1272 3636 et
1287 3594 1362 3655 quae
1385 3576 1456 3637 huic
1471 3581 1540 3636 sunt

371 3679 485 3738 lormae
508 3677 623 3739 similes
643 3686 764 3755 praeter
785 3675 872 3743 εἶτον
902 3698 921 3755 η
945 3675 1006 3738 163
1040 3677 1203 3738 abhorrere
1231 3677 1269 3738 ab
1292 3697 1346 3738 usu
1369 3677 1538 3748 Homerico,

372 3781 606 3851 verumetiam,
639 3779 691 3841 ubi
715 3778 751 3842 de
774 3783 900 3841 notione
924 3780 1090 3859 inponendi
1113 3782 1300 3860 maximeque
1329 3780 1365 3840 dc
1394 3797 1537 3840 conscen-

371 3881 467 3942 denda
500 3901 575 3942 nave
609 3884 721 3960 agitur,
757 3884 953 3962 compositum
982 3880 1107 3942 verbum
1141 3880 1286 3960 ἐφέααι,
1319 3899 1377 3941 non
1411 3881 1538 3960 simplex

371 3981 458 4046 ἕεοαι
479 3972 608 4045 Homero
632 3986 724 4045 luisse
748 3984 904 4045 familiare.
950 3981 1047 4053 Quare
1070 3983 1234 4064 probantes
1261 4001 1328 4044 cum
1352 3981 1436 4042 Imm.
1460 3982 1538 4044 Bele-

369 4084 444 4145 lrero
466 4086 704 4148 emendationem
719 4084 884 4146 Rhianeam
901 4085 1033 4147 delemus
1045 4082 1335 4158 lor·mam'de'ccu10‚
1359 4101 1537 4164 quamquam

370 4186 556 4250 liuentzerus
578 4188 688 4248 Zenod.
709 4208 738 4267 p.
756 4184 798 4249 62
812 4196 957 4267 patronus
981 4207 1014 4249 ac
1030 4189 1171 4249 defensor
1187 4189 1317 4260 exstitit3
1340 4205 1408 4247 narn
1420 4204 1536 4254 vereor,

369 4305 407 4348 ne
430 4291 476 4348 vir
498 4289 703 4360 doctissimus,
727 4308 795 4351 cum
819 4287 889 4352 icco
914 4290 933 4351 Γ
954 4286 995 4350 57
1018 4296 1048 4349 et
1070 4307 1093 4350 π
1118 4285 1178 4350 199
1201 4289 1332 4350 conferri
1354 4288 1481 4358 iuberet,
1505 4290 1537 4348 in

370 4407 504 4450 errorem
538 4392 639 4451 induci
672 4410 704 4452 se
737 4410 842 4470 passus
875 4394 928 4459 sit,
962 4408 1028 4450 cum
1060 4388 1148 4471 ἕεεο,
1184 4390 1263 4470 quod
1293 4387 1374 4452 [57
1408 4390 1537 4470 perlecti
