3312 5226
880 417 1032 516 Q

372 608 479 667 famem
503 610 555 664 aut
575 606 654 664 sitim
676 606 785 674 sensit,
809 605 904 666 donec
926 606 1074 667 defessam
1097 603 1192 664 dulcis
1214 623 1335 665 somnus
1355 607 1471 667 invasit.
1499 609 1530 668 ln
1640 602 1644 611 '

372 704 574 786 pulcherrima
596 703 651 765 hac
680 704 880 785 descriptione
904 708 996 766 animi
1013 707 1142 766 materni
1164 707 1441 782 gravissimis‘curis
1456 707 1530 769 solli·
1641 684 1644 709 Ἰ

372 808 456 866 citati
479 824 572 882 unum
594 806 666 867 illud
690 806 857 877 desideras
880 808 960 886 quod
976 806 1110 868 Rhianus
1125 805 1255 866 addidit:
1279 825 1316 867 an
1332 810 1428 887 potuit
1442 813 1534 887 aptius
1642 794 1645 867 Ῐ

372 915 473 987 poeta,
503 910 601 988 potuit
629 908 847 985 significantius
877 908 960 969 illum
988 908 1175 978 describere,
1204 925 1293 987 quam
1326 927 1393 968 eum
1416 909 1532 970 Penelo-

371 1028 439 1089 pam
474 1028 533 1071 non
555 1010 643 1070 modo
665 1008 734 1070 cibo
756 1018 787 1069 et
813 1018 901 1090 potu,
936 1012 988 1071 sed
1020 1012 1101 1071 omni
1125 1011 1214 1069 etiam
1237 1009 1444 1070 lamentatione
1472 1012 1534 1071 abs·

373 1111 496 1171 tinuisse
524 1108 723 1190 narrareti⁴⁶)
761 1111 883 1172 Scilicet
915 1112 972 1171 boc
1001 1120 1047 1172 est
1080 1113 1203 1172 insitum
1231 1118 1354 1172 naturae
1384 1112 1534 1183 humanae,

371 1221 404 1274 ut
432 1214 462 1274 in
494 1230 610 1275 summa
638 1214 762 1275 tristitia
790 1212 1045 1282 obmutescamus,
1080 1222 1113 1273 ut
1146 1211 1357 1274 acerbissimus
1391 1214 1474 1274 dolor
1505 1233 1538 1295 ae

370 1313 468 1375 luctus
490 1316 577 1395 quasi
599 1314 731 1392 linguam
759 1320 860 1376 teneat
889 1322 920 1374 et
941 1317 973 1374 in
996 1314 1054 1376 alta
1076 1322 1176 1375 mente
1204 1316 1354 1392 repositus
1376 1315 1537 1376 delitescat.

371 1415 408 1475 Et
430 1418 473 1476 sic
496 1416 660 1495 Penelopa,
683 1421 717 1476 ut
738 1418 870 1494 primurn
893 1435 909 1476 a
932 1415 1068 1476 Medonte
1091 1433 1239 1495 praecone
1262 1418 1380 1475 tristem
1404 1419 1538 1477 nuntium
1642 1454 1646 1463 ·

371 1520 501 1597 accepit,
524 1536 596 1598 prae
619 1517 722 1578 dolore
745 1518 797 1578 diu
819 1517 901 1597 loqui
925 1507 984 1578 non
1007 1525 1140 1597 poterat:
1178 1517 1238 1593 δήν
1268 1515 1304 1580 δέ
1327 1535 1379 1593 μιν
1402 1515 1540 1596 ἀμφατίη

370 1616 476 1681 ἐπέων
499 1616 576 1697 λάβε
600 1616 637 1696 lv.
660 1615 749 1697 704);
783 1619 892 1679 deinde
926 1638 998 1679 vero
1031 1619 1124 1679 multo
1152 1636 1219 1678 cum
1252 1621 1368 1696 gemitu
1398 1628 1429 1679 et
1451 1617 1540 1680 flebili

369 1721 581 1781 lamentatione
610 1721 741 1789 ancillis,
771 1721 844 1800 quid
874 1723 919 1781 rei
948 1729 1040 1790 esset,
1072 1720 1204 1781 narravit
1231 1727 1261 1780 et
1288 1723 1441 1781 sacrificio
1469 1721 1543 1781 facto

369 1821 512 1901 precibus
539 1823 682 1883 auxilium
711 1822 862 1882 Minervae
891 1822 1069 1901 imploravit.
1113 1821 1269 1883 Postremo
1296 1840 1368 1883 cum
1397 1823 1471 1883 fletu
1498 1841 1541 1882 sa·

370 1926 443 1985 tiata
467 1932 547 1984 esset
569 1932 599 1985 et
621 1924 738 1985 divinae
767 1926 833 2005 opis
855 1926 1039 1985 'confidentia
1068 1943 1153 1985 mens
1182 1924 1346 2003 paullulum
1375 1923 1494 2003 placata
1516 1930 1544 1982 et

371 2026 558 2095 confirmata,
590 2029 621 2087 in
656 2025 816 2087 solitudine
851 2029 955 2087 matris
985 2027 1118 2087 dolorem
1152 2033 1265 2086 mutum
1295 2045 1364 2088 esse
1396 2028 1542 2086 convenit.

371 2127 475 2206 Neque
500 2127 556 2187 boc
577 2128 691 2205 fugisse
714 2125 890 2199 Homerum,
914 2130 965 2209 qui
988 2129 1133 2189 humanos
1155 2146 1261 2188 sensus
1288 2135 1320 2189 et
1344 2129 1474 2192 affectus
1495 2147 1545 2207 pe·

370 2232 452 2289 nitus
473 2231 690 2309 perspexisset,
714 2229 892 2291 documenta
915 2236 984 2291 sunt
1004 2248 1107 2301 versus
1122 2231 1196 2301 duo,
1219 2231 1250 2289 in
1274 2229 1388 2309 quibus
1404 2227 1546 2292 ἄναυδα(

371 2337 548 2411 usurpatum
571 2349 636 2391 esse
660 2330 809 2392 videmus:
834 2328 942 2398 etse.
967 2331 1020 2393 ubi
1035 2331 1135 2392 Vlixes
1157 2350 1173 2390 e
1195 2333 1356 2409 naufragio
1380 2350 1474 2410 aegre
1498 2351 1547 2392 na·

373 2433 462 2494 tando
485 2433 520 2493 ad
544 2432 711 2493 Phaeacum
733 2432 861 2493 insulam
884 2436 1056 2512 pervenisse
1080 2440 1110 2494 et
1131 2432 1247 2511 viribus
1261 2434 1422 2494 exhaustis
1446 2452 1547 2494 somno

371 2542 475 2613 eaptus
498 2553 563 2595 esse
586 2542 742 2595 narratur:
765 2531 784 2596 ὁ
808 2532 841 2597 δ’
863 2531 919 2610 ἄρ’
941 2532 1118 2598 devenero(
1140 2534 1191 2596 καὶ
1206 2531 1352 2599 ἄναυδοε
1376 2535 1462 2598 κεῖτ’
1484 2533 1549 2598 ou-

370 2633 716 2713 mnelfmu,·adporoc
739 2634 775 2698 δέ
798 2654 850 2712 μιν
873 2633 963 2699 αἰνὸε
984 2634 1105 2698 ἵκανεν.
1148 2636 1240 2697 llulto
1262 2640 1395 2716 propius
1419 2656 1493 2698 vero
1515 2635 1550 2697 ad

371 2739 467 2798 nostri
500 2737 558 2796 looi
586 2738 814 2798 similitudinem
848 2738 962 2799 accedit
991 2735 1109 2807 κ378,
1138 2737 1190 2798 ubi
1220 2736 1322 2799 Vlixes
1353 2759 1371 2800 a
1397 2741 1488 2801 Circe
1516 2738 1550 2797 ad

370 2839 537 2900 cenandum
567 2839 708 2900 inritatus
735 2858 791 2900 nec
821 2839 921 2900 eibum
944 2858 1000 2899 nec
1027 2846 1130 2919 potum
1153 2847 1267 2917 gustat,
1296 2843 1387 2918 gravi
1412 2858 1552 2902 maerore

369 2938 498 3002 afflictus
521 2939 558 3000 ob
581 2941 733 3001 infelicem
747 2947 1013 3001 transmutatorum
1029 2943 1178 3002 sociorum
1195 2949 1325 3012 sortem:
1352 2962 1450 3022 quem
1467 2944 1552 3005 Circe

369 3042 554 3122 adloquitur:
583 3039 675 3120 τίφθ’
702 3040 822 3122 etiamr,
846 3041 993 3122 Ὀδυτεῦ,
1023 3041 1096 3105 κατ’
1118 3040 1173 3119 ἄρ’
1196 3040 1279 3107 ἕζεαι
1302 3039 1378 3106 icoc
1406 3042 1553 3125 ἀναύδῳ,

368 3143 469 3220 θυμὸν
492 3141 588 3223 ἔδων,
618 3141 743 3220 βρώμητ
766 3142 800 3206 δ’
828 3141 889 3219 οὐχ
912 3141 1025 3207 ἅπτεαι
1049 3142 1126 3206 οὐδὲ
1147 3146 1302 3220 ποτῆτοε;
1333 3145 1425 3216 Quos
1450 3162 1554 3206 versus

368 3247 395 3306 si
416 3246 601 3325 respexeris,
629 3263 729 3304 nonne
757 3245 908 3305 fatendum
939 3247 1012 3315 erit,
1041 3245 1150 3306 Rhiani
1179 3249 1391 3308 coniecturam
1424 3267 1497 3308 cum
1522 3247 1556 3306 ad
1624 3240 1627 3249 ’

369 3367 434 3409 rem
456 3347 792 3408 accommodatissimam
813 3355 876 3408 tum
901 3347 938 3407 ab
954 3349 1059 3407 intima
1077 3346 1253 3408 Homericae
1277 3351 1356 3409 artis
1374 3352 1556 3427 cognitione

369 3450 535 3529 profectam
557 3449 641 3510 ‘ossei

437 3701 481 3768 46)
499 3698 601 3765 Nemo,
626 3699 709 3768 puto,
736 3697 805 3752 mihi
823 3698 938 3766 obiciet,
965 3715 1028 3753 cum
1045 3700 1187 3770 Penelopa
1204 3701 1264 3755 sola
1287 3705 1386 3770 esset,
1418 3704 1487 3759 fieri
1503 3719 1560 3757 non

367 3783 505 3854 potuisse,
525 3784 556 3836 ui
572 3782 747 3853 loqueretur3
766 3801 832 3837 nam
850 3785 881 3836 ut
899 3786 1117 3838 consentaneum
1136 3785 1178 3838 esi
1195 3784 1339 3840 humanae
1359 3789 1505 3857 naturae,
1524 3788 1563 3842 sic
1586 3775 1591 3788 ¹

369 3867 454 3924 etiam
473 3867 549 3937 apud
565 3867 718 3921 Homerum
739 3868 873 3936 legimus,
896 3862 1021 3922 homines
1043 3868 1092 3923 ubi
1114 3868 1144 3922 in
1166 3869 1274 3923 summo
1297 3870 1481 3929 discrimine
1500 3890 1561 3927 ver-

368 3955 477 4020 sentur,
501 3952 569 4006 deos
591 3952 721 4006 invocare
740 3955 790 4006 aut
811 3969 894 4007 voces
915 3953 1110 4007 lamentabiles
1133 3953 1276 4008 effundere
1298 3955 1348 4008 vel
1374 3956 1444 4027 alia
1466 3973 1564 4013 seeum

366 4039 435 4106 ipsis
461 4036 551 4104 loqui,
581 4053 752 4103 quamquam
777 4051 860 4090 nemo
890 4037 938 4104 qui
964 4037 1061 4090 audiat
1087 4038 1169 4093 adsit.
1204 4037 1243 4091 Vc
1269 4024 1445 4096 esmultds
1475 4057 1564 4095 unum

368 4121 485 4176 afferam
503 4120 675 4189 exemplum,
701 4119 780 4190 legas
807 4121 963 4175 orationem
979 4121 1067 4174 Vlixis
1095 4140 1159 4177 eum
1185 4122 1271 4176 maris
1297 4126 1390 4178 aestu
1410 4126 1566 4192 laetaniis,

368 4222 452 4276 quam
469 4205 513 4259 lu‘s
531 4204 655 4260 versibus
673 4215 759 4274 poeta
776 4205 930 4260 exorditur:
959 4212 1040 4261 2293
1067 4210 1112 4261 troi
1130 4208 1197 4260 τότ’
1215 4208 1375 4275 Ὀδυτεῆοε
1398 4214 1480 4266 λύτο
1500 4213 1567 4277 γού-

366 4307 439 4343 νατα
458 4290 606 4357 καῐφίλον
632 4291 716 4359 ἦτορ,
744 4291 865 4358 ὀχθήεαε
887 4294 916 4345 δ’
943 4290 997 4358 ἄρα
1023 4291 1102 4345 εἷπε
1130 4292 1216 4358 πρὸ(
1244 4292 1283 4346 δν
1311 4297 1567 4364 μεγαλήτορα

368 4373 487 4440 θυμόν
