3312 5226
207 1264 383 1348 Homericis
410 1287 442 1344 in
471 1284 579 1345 studiis
606 1284 729 1364 procedi
756 1292 839 1344 recte
863 1303 921 1344 non
944 1303 1032 1364 posse
1055 1287 1115 1347 nisi
1137 1289 1301 1364 recognitis

130 1396 161 1448 et
190 1388 357 1466 perspectis
385 1404 580 1465 quaecunque
612 1388 643 1446 in
668 1385 797 1446 Homero
826 1394 857 1446 et
878 1385 1064 1447 emendando
1092 1395 1122 1448 et
1151 1390 1299 1468 interpre-

131 1488 222 1548 tando
251 1490 312 1548 iam
341 1489 528 1565 grammatici
558 1487 750 1548 Alexandrini
779 1490 999 1568 praestiterint,
1030 1489 1062 1549 F.
1086 1491 1118 1549 A.
1144 1488 1301 1550 Wollius

133 1588 345 1649 inmortalibus
378 1590 440 1649 suis
469 1588 504 1647 ad
534 1587 697 1649 Homerum
726 1589 948 1668 prolegomenis
980 1597 1040 1650 tam
1068 1591 1221 1651 evidenter
1248 1592 1300 1651 de·

130 1692 324 1759 monstravit,
348 1698 380 1750 ut
402 1692 484 1750 inter
506 1689 643 1750 homines
665 1690 769 1752 doctos
790 1691 879 1751 hodie
906 1693 954 1750 vix
977 1693 1149 1771 quisquam,
1179 1694 1231 1772 qui
1253 1694 1298 1753 in·

129 1793 223 1853 litiari
245 1792 369 1862 audeat,
393 1793 572 1870 reperiatur,
603 1790 793 1871 Quapropter
816 1795 848 1853 iu
869 1791 1139 1853 Alexandrinorum
1162 1795 1299 1854 doctriua

129 1893 259 1954 eruenda
283 1901 314 1954 et
336 1892 505 1954 renovanda
529 1895 663 1972 proxima
690 1901 758 1974 post
779 1893 916 1954 Wolfinm
932 1900 1028 1955 aetate
1044 1912 1180 1972 magnam
1203 1895 1300 1975 philo·

129 1996 190 2073 logi
214 1995 409 2055 ostenderunt
437 1993 641 2063 sedulitatem,
670 2013 739 2056 cum
766 1996 816 2056 alii
845 1998 1109 2073 grammaticorum
1137 1996 1232 2058 libros
1253 1999 1298 2057 iu·

128 2098 226 2158 editos
255 2115 291 2157 ex
318 2095 571 2157 bibliothecarum
601 2095 706 2157 umbra
735 2097 961 2179 protraherent,
992 2098 1040 2158 alii
1069 2097 1297 2159 scholiastarnm

128 2199 337 2259 adnotationes
359 2206 446 2277 atque
470 2197 616 2258 Eustathii
645 2198 832 2279 aliorumque
856 2202 1088 2261 commentarios
1111 2202 1195 2261 novis
1216 2203 1299 2261 curis

129 2300 284 2361 emendata
307 2299 448 2368 ederent,
478 2300 500 2361 ii
524 2298 670 2379 denique,
699 2303 751 2380 qui
773 2300 897 2361 Homeri
920 2302 1069 2362 editiones
1097 2303 1132 2362 ad
1161 2303 1297 2363 criticam

129 2403 275 2462 rationem
305 2408 459 2462 revocatas
486 2407 643 2480 pararent,
679 2403 811 2479 ingentis
839 2402 921 2462 illius
949 2410 1110 2482 apparatus
1138 2402 1298 2480 diligenter

129 2502 333 2580 pertractandi
362 2520 520 2582 operosum
548 2503 737 2579 susciperent
763 2501 911 2573 laborem,
943 2510 976 2562 ut
1003 2503 1072 2564 iude
1102 2503 1139 2565 ad
1167 2505 1297 2581 genuina

128 2612 233 2682 poetae
256 2603 347 2665 verba
369 2603 555 2666 restituenda
578 2605 852 2685 quamplurimum
875 2603 1075 2666 lucrarentur.
1121 2603 1180 2665 Sed
1203 2605 1296 2666 multo

127 2708 218 2767 etiam
240 2709 353 2767 maiora
384 2708 569 2766 incrementa
599 2712 744 2784 ceperunt
765 2706 839 2766 haec
867 2706 979 2776 studia,
1010 2724 1045 2766 ex
1074 2724 1133 2785 quo
1161 2713 1296 2786 tempore

82 2800 87 2805 ’
127 2807 162 2867 Κ.
186 2807 367 2869 Lehrsius
388 2807 468 2868 libro
490 2806 541 2867 illo
569 2806 606 2867 de
628 2807 794 2869 Aristarchi
818 2807 925 2868 studiis
947 2806 1130 2877 Homericis,
1159 2810 1209 2887 qni
1233 2827 1296 2867 om-

127 2910 209 2970 nium
231 2909 318 2970 laude
340 2916 371 2970 et
385 2908 581 2970 admiratione
604 2907 788 2978 celebratur,
811 2916 956 2988 quantum
971 2927 1064 2969 novae
1088 2918 1118 2969 et
1132 2910 1297 2986 lrugilerae

126 3012 272 3072 scientiae
295 3029 330 3072 ex
353 3009 475 3073 scholiis
502 3011 705 3070 curiosissime
732 3007 927 3089 per-volutatis
953 3009 1024 3070 elici
1051 3018 1167 3089 posset,
1197 3010 1296 3070 decla·

128 3114 205 3173 ravit
226 3120 257 3173 et
279 3114 352 3173 viris
374 3111 469 3172 doctis
483 3112 540 3172 hoc
555 3114 745 3192 potissimum
766 3113 937 3191 proposuit,
961 3118 994 3171 ut
1015 3111 1165 3173 consimili
1180 3113 1296 3172 ratione

127 3214 314 3293 singulorum
337 3214 605 3276 Alexandrinorum
629 3213 818 3283 memoriam,
842 3231 917 3292 quae
939 3214 1023 3291 quasi
1046 3213 1160 3293 sepulta
1183 3215 1295 3274 iaceret

126 3319 156 3378 in
179 3324 261 3377 vasta
277 3316 459 3378 scholiorum
475 3317 632 3394 congerie,
657 3318 872 3377 resuscitarent
894 3322 924 3376 et
946 3316 977 3377 in
992 3315 1090 3378 lucem
1106 3315 1294 3376 reducerent.

125 3418 190 3490 Quo
218 3421 249 3479 in
276 3417 380 3479 labore
408 3417 592 3495 perficiendo
624 3417 701 3478 haud
731 3436 842 3497 paucos
875 3417 964 3478 huius
992 3419 1099 3478 aetatis
1127 3415 1296 3498 philologos

124 3520 260 3581 videmus
282 3520 409 3580 multum
431 3518 544 3580 laboris
572 3528 602 3580 et
624 3537 733 3596 operae
757 3521 993 3598 consumpsisse,
1021 3527 1109 3600 atque
1137 3521 1196 3580 iam
1225 3539 1294 3599 pro·

126 3622 246 3682 dierunt
272 3623 303 3681 in
332 3620 429 3681 lucem
458 3621 495 3681 de
518 3620 717 3701 Aristophane
739 3621 898 3701 Byzantio,
927 3618 1110 3691 Callistrato,
1134 3621 1292 3695 Zenodoro,

124 3721 312 3792 Herodiano,
350 3720 514 3791 Nicanore,
546 3722 730 3790 Aristonico,
770 3722 911 3802 Didymo,
951 3721 1133 3803 Porphyrio,
1168 3723 1294 3784 Seleuco

124 3820 299 3893 Homerico,
316 3823 491 3903 Tryphone,
507 3822 686 3893 Philoxeno,
703 3823 860 3902 Apollonio
876 3822 1007 3900 Rhodio,
1029 3824 1147 3885 Gratete
1164 3824 1291 3898 Malloia,

123 3925 225 3987 multis
246 3926 312 3986 aliis
333 3927 537 4003 grammaticis
559 3925 826 3985 commentationes
855 3925 961 3985 doctae
990 3933 1021 3985 et
1043 3924 1113 3985 lihri
1137 3924 1291 3994 laboriosi,

123 4045 250 4106 qnorum
271 4034 353 4088 tanta
375 4034 421 4087 est
443 4028 474 4087 in
498 4044 530 4086 re
553 4024 671 4106 publica
686 4026 832 4087 litteraria
849 4025 1022 4095 celebritas,
1047 4033 1080 4086 ut
1095 4027 1291 4086 enumerandi

124 4148 213 4210 opera
237 4128 434 4209 supersedere
457 4128 578 4207 possim.

206 4230 390 4312 Quamquam
412 4238 511 4291 autem
534 4230 713 4290 consociatis
736 4234 779 4289 tot
801 4229 986 4289 eruditorum
1002 4229 1155 4290 hominum
1178 4230 1288 4292 studiis

122 4332 338 4395 Alexandrinae
361 4350 449 4412 quam
466 4340 570 4394 vocant
592 4331 682 4393 aetati
697 4333 805 4393 mirum
821 4337 964 4412 quantum
986 4331 1063 4393 lucis
1077 4329 1209 4395 oblatum
1233 4341 1290 4407 est,
