3312 5226
690 420 731 480 tu

126 607 240 666 intrare
263 606 448 681 cogitemus
472 605 523 663 sed
548 604 621 664 haec
644 607 721 665 ratio
744 604 782 665 ab
805 605 949 666 hocloco
972 605 1058 684 plane
1081 605 1233 667 abhorret.
1257 607 1294 668 Et

125 707 182 766 hoc
209 724 327 785 quoque
360 707 435 766 ferri
467 708 575 782 possit,
609 708 635 765 si
663 706 744 766 dicas
771 705 819 769 dic
846 704 960 770 τόεεον
987 705 1079 788 ἁλὸς
1100 705 1295 784 πρήεεοντε(

125 805 266 886 ἀπῆμεν,
297 816 329 867 ut
352 808 389 866 sit
411 807 532 884 duplum
555 808 683 884 spatium
712 810 804 869 maris
827 810 888 868 sive
916 810 975 869 iter
1002 806 1109 885 duplae
1133 807 1293 886 longitudi-

125 912 189 980 nis;
212 909 263 969 sed
280 911 376 984 ipsum
400 924 485 968 mure
501 911 652 983 perstem
674 916 756 970 recte
780 910 839 970 dici
862 910 940 970 haud
963 912 1174 970 concesserim.
1219 909 1292 972 Nam

126 1023 159 1070 ut
180 1010 318 1076 alteram,
347 1028 423 1088 quae
446 1018 601 1087 praeterea
624 1010 724 1070 allerri
747 1019 890 1088 possunt,
920 1010 943 1073 Β
967 1006 1029 1071 785
1051 1017 1081 1071 et
1105 1009 1124 1071 Γ
1149 1008 1189 1073 14
1209 1009 1294 1088 μάλα

125 1110 161 1175 δ’
182 1108 250 1174 ὦκα
271 1109 460 1187 διέπρηεεον
475 1109 618 1192 πεδίοιο,
640 1108 749 1173 Ψ364
763 1108 793 1173 οἱ
816 1110 849 1174 o'
872 1109 939 1175 ὦκα
954 1110 1142 1189 διέπρηεεον
1156 1111 1293 1193 πεδίοιο,

125 1233 161 1274 ex
185 1212 232 1274 his
253 1213 397 1291 praesidii
422 1212 496 1273 nihil
517 1214 621 1292 quaeri
643 1219 757 1291 potest,
781 1208 1006 1294 primumquod
1023 1233 1083 1275 non
1109 1220 1293 1277 accusativus

127 1316 229 1376 localis
256 1332 344 1394 quem
373 1322 480 1375 vocant
508 1316 622 1392 positus
650 1323 696 1374 est
724 1314 788 1392 (etr.
815 1314 986 1392 llruegerus
1009 1334 1054 1394 gr.
1077 1333 1122 1394 gr.
1146 1314 1172 1376 ll
1195 1312 1219 1393 ὅ
1241 1311 1292 1385 46,
1339 1380 1341 1383 ,

127 1416 156 1486 1,
178 1414 220 1498 2),
244 1416 351 1477 deinde
375 1415 455 1495 quod
485 1394 534 1476 illa
564 1418 645 1475 notio
666 1433 699 1475 se
722 1416 859 1503 movendi
890 1416 935 1477 vel
963 1417 1176 1496 percurrendi,
1205 1433 1293 1493 quam

126 1518 348 1586 desideramus,
372 1534 432 1577 non
455 1516 548 1577 verbo
571 1517 716 1595 simplici,
745 1518 796 1578 sed
824 1521 1047 1596 praepositione
1075 1516 1127 1580 διά
1149 1520 1292 1595 exprimi·

124 1629 190 1690 tur;
213 1621 313 1680 omnia
337 1627 435 1679 autem
458 1618 549 1679 verba
572 1638 588 1680 a
612 1618 768 1697 liruegero
791 1618 810 1679 l.
833 1619 853 1679 l.
882 1618 1005 1681 collecta
1034 1627 1171 1681 motum
1200 1622 1292 1697 signi·

124 1723 213 1782 licant
232 1727 355 1799 praeter
382 1719 553 1783 leluiecdua
581 1717 686 1781 <1315
709 1726 739 1780 et
768 1719 912 1783 ἔλδεεθαι
940 1719 970 1782 Ψ
995 1717 1070 1792 122,
1099 1739 1175 1801 quae
1204 1721 1292 1781 aliam

125 1822 236 1884 habent
263 1825 394 1899 genetivi
422 1824 584 1890 rationem,
619 1830 650 1883 et
676 1821 825 1900 πρήεεειν
861 1819 971 1902 ὁδοῖο,
1005 1840 1092 1902 quem
1122 1825 1292 1900 genetivum

126 1942 215 2002 supra
252 1924 474 2001 explicavimus.
523 1921 712 2002 Quapropter
744 1923 800 1986 hac
836 1924 1009 1985 Buttmanni
1045 1926 1292 2002 interpretatione

126 2026 199 2087 nihil
226 2026 330 2103 profici
358 2043 426 2085 cum
455 2024 623 2086 luculenter
645 2033 818 2102 appareret,
852 2027 1032 2087 contrariam
1060 2026 1124 2086 lere
1154 2028 1229 2089 viana
1257 2044 1292 2086 ac

126 2129 271 2189 rationem
295 2127 362 2187 iniit
389 2125 641 2186 Doederlinus
669 2126 759 2204 gloss.
782 2126 810 2187 ll
838 2144 869 2204 p.
894 2124 954 2188 133
977 2147 1006 2188 n.
1029 2123 1090 2193 621
1118 2128 1292 2206 perficiendi

126 2230 277 2291 notionem
314 2246 373 2289 non
410 2229 606 2305 primitivam,
644 2229 695 2288 sed
724 2229 888 2289 derivatam
917 2231 1016 2306 potius
1043 2230 1292 2307 significationem

126 2330 209 2392 verbi
231 2329 379 2407 npticcetv
402 2348 468 2390 esse
491 2337 588 2395 ratus;
611 2331 787 2393 intensivam
810 2332 891 2391 enim
914 2330 999 2391 verbi
1025 2328 1137 2407 περάω
1166 2331 1297 2393 sormam·

126 2433 200 2494 dicit
227 2429 393 2508 περάεεειν
428 2434 491 2491 sive
523 2429 672 2507 upriccevv
705 2449 770 2491 esse
804 2449 839 2495 ac
871 2433 993 2509 proprie
1021 2431 1120 2492 tulere
1149 2433 1179 2493 id
1212 2433 1291 2512 quod

126 2532 364 2601 ‘durchbohrem
394 2531 676 2602 durchschneiden’,
711 2538 744 2592 ut
770 2528 833 2594 ἅλα
861 2530 1055 2609 πρήεεοντεε
1083 2532 1162 2593 idem
1191 2535 1230 2594 sit
1258 2552 1292 2593 ac

125 2634 246 2713 κύματα
268 2632 435 2711 πείροντες
457 2641 488 2694 et
502 2631 660 2697 Odtuccuv
675 2636 849 2711 περῶντες.
879 2634 963 2704 Quod
981 2636 1130 2696 Ameisius
1144 2652 1292 2697 consensu

77 2784 79 2787 -
126 2757 181 2798 suo
203 2736 352 2815 probavit.
397 2735 487 2806 Esto;
510 2744 540 2797 at
561 2754 669 2797 vereor
692 2735 846 2815 equidem,
870 2754 908 2796 ne
931 2738 977 2797 vir
1000 2736 1189 2801 doctissimus
1210 2746 1291 2799 tran·

124 2841 215 2901 situm
238 2838 296 2899 sibi
323 2837 508 2899 obstruxerit
537 2837 573 2898 ad
603 2838 836 2915 significationes
863 2854 936 2917 quas
963 2856 1103 2899 vocamus
1132 2839 1290 2900 derivatas.

125 2939 183 3012 Qui
204 2942 251 3011 tit,
276 2946 308 3001 nt
330 2939 453 3001 verbnm
477 2938 571 3009 istud,
601 2939 679 3019 quod
703 2940 738 3000 de
763 2957 891 3018 aequore
915 2940 1043 3001 secando
1066 2943 1189 3020 proprie
1213 2941 1292 3001 dica·

125 3052 189 3113 tur,
211 3042 384 3121 perficiendi
407 3044 559 3103 notionem
582 3042 731 3102 assumat?
755 3039 957 3119 Intellegimus
979 3060 1050 3102 sane
1071 3041 1142 3121 quid
1165 3044 1204 3101 sit
1225 3042 1292 3103 δια-

124 3143 272 3222 πρήεεειν
294 3142 435 3223 πεδίοιο,
458 3160 526 3203 cum
548 3143 626 3222 quod
648 3144 772 3221 proprie
795 3143 831 3203 ad
853 3162 935 3206 mare
958 3144 1122 3223 pertineat,
1151 3143 1292 3205 translate

124 3249 214 3308 etiam
236 3245 273 3307 de
295 3254 377 3307 terra
400 3246 459 3306 dici
480 3247 588 3323 possit,
613 3245 665 3308 sed
686 3242 836 3322 upricterv
863 3245 1016 3309 κέλευθον
1045 3246 1091 3311 vel
1112 3242 1209 3308 ὁδοῖο
1232 3264 1291 3325 quo

124 3347 213 3411 modo
235 3347 369 3411 iudicare
391 3348 488 3425 possit
509 3351 566 3407 iter
581 3350 748 3425 perficere,
778 3347 900 3409 difficile
928 3357 974 3408 est
995 3347 1163 3418 intellectu,
1187 3347 1291 3408 dillici·

124 3452 182 3513 lius
204 3453 295 3514 etiam
310 3447 460 3527 πρήεεειν
475 3445 572 3526 ἔργον
594 3468 639 3530 τι,
668 3452 717 3511 cui
740 3468 805 3511 cum
829 3450 951 3511 secandi
972 3450 1096 3510 notione
1120 3449 1231 3512 nullum
1247 3458 1293 3510 est

125 3555 321 3616 consortium.
367 3551 417 3612 Sic
439 3552 533 3628 igitur
554 3570 604 3613 res
625 3570 657 3612 se
681 3550 784 3613 habet:
808 3552 981 3614 Buttmanni
1004 3554 1081 3614 ratio
1104 3553 1212 3613 ceteris
1226 3570 1291 3613 ver-

125 3654 210 3717 sibus
233 3652 417 3733 explicandis
439 3651 546 3713 idonea
569 3661 631 3723 est,
655 3652 726 3714 huie
747 3654 801 3714 uni
823 3669 833 3711 a
855 3650 917 3714 491
941 3651 1005 3716 ἅλα
1019 3653 1217 3732 πρήεεοντεε
1240 3655 1290 3715 ad·

124 3756 223 3818 hiberi
246 3774 306 3816 non
327 3762 441 3832 potest;
464 3754 661 3815 Doederlinus
682 3754 763 3816 hunc
785 3772 878 3815 unum
906 3772 1023 3816 versum
1053 3757 1125 3819 satis
1152 3756 1239 3818 facile
1262 3762 1292 3815 et

124 3857 279 3919 commode
302 3857 435 3933 expedit,
458 3864 576 3916 ceteros
596 3857 776 3917 lereomnes
798 3864 828 3916 et
848 3858 1020 3918 universnm
1036 3858 1120 3919 verbi
1142 3856 1290 3935 πράεεειν

124 3978 228 4029 usum,
261 3960 312 4038 qui
339 3964 443 4036 postea
470 3957 608 4026 invaluit,
645 3956 688 4017 vel
712 3959 847 4019 artificiis
869 3957 1086 4036 interpretandi
1109 3977 1180 4020 usus
1202 3966 1290 4035 aegr'e

124 4062 274 4140 explicare
297 4068 405 4138 potest.
441 4060 482 4120 Αο
505 4060 621 4121 videtur
641 4059 719 4120 hanc
741 4060 918 4137 primitivam
942 4060 1187 4139 significationem
1210 4059 1290 4121 nullo

124 4162 181 4224 alio
205 4163 331 4225 consilio
348 4163 560 4240 excogitavisse
583 4161 640 4221 nisi
656 4168 688 4220 ut
714 4163 766 4222 uni
789 4163 886 4222 versui
916 4180 980 4222 eam
1011 4160 1184 4227 adhiberet;
1209 4169 1290 4222 certe

122 4267 182 4325 nisi
203 4266 230 4325 is
251 4271 396 4335 exstaret,
421 4265 466 4323 vix
489 4282 553 4325 eam
576 4264 702 4324 licturus
723 4264 817 4325 luisse
839 4263 988 4339 putandus
1010 4273 1065 4324 est.
1110 4261 1231 4325 Cautius
1254 4263 1291 4323 de
1363 4322 1367 4325 .

121 4366 181 4429 hac
207 4385 241 4427 re
269 4368 330 4445 agit
357 4367 391 4428 G.
415 4365 568 4428 Curtius
594 4371 685 4444 etym.
715 4383 762 4444 gr.
791 4383 820 4445 p.
842 4359 906 4424 246
933 4383 964 4425 n.
992 4360 1071 4436 358,
1097 4366 1152 4445 ‘qui
1179 4362 1291 4442 περὰω
