3312 5226
934 394 977 460 44

892 486 1031 493 ——-——--

374 588 518 666 cuiusque
541 587 587 646 rei
609 587 731 665 propria
759 587 820 646 sint
848 588 1070 666 praecipueque
1099 588 1130 648 in
1153 596 1345 667 conspectum
1367 589 1488 648 veniant
1509 598 1538 649 et

373 688 559 749 audientium
582 689 697 748 animos
719 686 755 748 ad
778 706 952 767 expressam
974 707 1076 750 rerum
1098 692 1259 767 imaginem
1281 691 1462 767 cogitatione
1485 693 1536 751 sm-

373 790 500 868 gendam
516 791 747 867 quammaxime
769 792 914 860 excitent,
938 792 1117 869 fugientium
1132 791 1260 853 militum
1283 799 1312 852 et
1327 792 1450 852 densam
1465 793 1537 855 mul·

373 891 533 952 titudinem
560 898 590 951 et
611 891 746 952 timidam
770 892 1005 970 trepidationem
1031 893 1138 954 meiius
1165 893 1344 972 breviusque
1370 902 1457 973 poeta
1484 894 1537 954 boc

373 992 438 1053 loco
461 992 633 1053 describere
656 1011 716 1053 non
738 999 870 1072 poterat,
894 1013 983 1074 quam
1005 997 1046 1056 ita
1060 1003 1095 1056 ut
1109 997 1262 1073 ingentem
1282 997 1452 1072 fugatorum
1468 1015 1537 1056 con·

374 1114 508 1165 cursum,
542 1097 594 1174 qui
628 1096 664 1155 ad
686 1102 788 1174 portas
808 1094 913 1166 fiebat,
948 1115 1015 1157 eum
1048 1098 1077 1156 vi
1110 1104 1140 1157 et
1173 1098 1318 1174 gravitate
1342 1099 1534 1174 signiticaret.

327 1201 330 1206 ’
372 1196 488 1268 Quibus
510 1197 547 1258 de
570 1199 668 1258 causis
691 1196 764 1257 illud
786 1195 885 1259 πύλαι
907 1207 995 1277 poeta
1022 1198 1114 1259 multo
1142 1198 1263 1275 dignius
1291 1206 1321 1258 et
1342 1199 1429 1277 longe
1452 1218 1538 1279 prae·

372 1299 530 1360 serendum
553 1305 598 1359 est
620 1298 753 1376 vulgatae
784 1299 917 1360 lectioni.
962 1298 1040 1370 Quid
1063 1300 1152 1360 vero?
1188 1300 1255 1362 dico
1283 1299 1376 1364 πόλι(
1403 1320 1441 1362 ne
1464 1304 1538 1363 terri

373 1401 492 1479 quidem
515 1419 613 1479 posse.
657 1402 701 1460 An
725 1408 770 1461 est
784 1398 878 1464 πόλι(
901 1399 935 1464 δ’
962 1398 1105 1478 ἔμπλητο
1129 1399 1274 1465 ἀλέντων
1298 1403 1378 1463 alind
1401 1407 1538 1483 quamsi

375 1503 458 1563 dicas
481 1500 516 1566 ἐν
538 1507 576 1583 τῇ
599 1501 693 1565 πόλει
713 1498 792 1566 ἄλεν
822 1503 867 1563 vel
890 1500 1052 1566 elleboro?
1089 1504 1131 1564 ita
1161 1510 1193 1564 ut
1206 1511 1363 1584 postquam
1379 1507 1410 1565 in
1432 1505 1538 1566 urbem

372 1606 556 1675 introissent,
580 1604 624 1665 ibi
639 1607 774 1685 ipsorum
789 1606 979 1666 multitudine
994 1606 1223 1684 premerentur?
1246 1607 1283 1667 At
1298 1606 1355 1667 boe
1370 1625 1447 1685 nego
1472 1616 1538 1687 apte

372 1706 519 1786 quadrare
543 1708 574 1766 in
596 1708 747 1767 notionem
770 1706 855 1767 urbIs
878 1709 1062 1785 maximeque
1084 1707 1192 1767 Troiae
1216 1708 1430 1787 amplissimae,
1454 1712 1540 1770 cuius

372 1809 527 1870 sollemnia
550 1818 620 1869 sunt
653 1808 784 1888 epitheta
815 1805 922 1886 εὐρεῖα
955 1815 984 1869 et
1023 1805 1205 1886 εὐρυάγυια.
1249 1809 1424 1889 Vbicunque
1460 1813 1539 1871 enim

371 1908 487 1989 ἀλῆναι
509 1928 577 1971 cum
599 1912 819 1991 praepositione
842 1912 975 1989 quietem
997 1907 1165 1980 indicante,
1196 1910 1275 1970 velut
1296 1908 1344 1974 ἐνί
1366 1919 1395 1972 et
1418 1910 1472 1975 ἐπί
1495 1918 1539 1973 se·

372 2019 481 2092 quante
504 2013 603 2082 dativo
624 2014 774 2090 iungitur,
803 2013 886 2072 locus
912 2020 1054 2089 angustus
1082 2014 1282 2089 significatur,
1310 2015 1341 2073 in
1370 2033 1429 2094 quo
1452 2012 1540 2075 multi

372 2115 510 2175 homines
532 2116 698 2193 compressi
720 2114 783 2193 ipsa
805 2113 1001 2174 multitudine
1020 2131 1085 2174 sese
1107 2115 1274 2193 impediant
1296 2122 1326 2177 et
1348 2116 1538 2193 perturbent,

373 2225 405 2276 ut
427 2213 480 2279 ἑπλ
500 2214 694 2297 πρύμνῃτιν,
716 2212 826 2279 ἔνδοθι
848 2212 997 2296 πύργων,
1021 2214 1068 2279 ἐνὶ
1090 2216 1176 2297 (urit,
1205 2223 1235 2276 at
1258 2216 1294 2277 de
1320 2220 1430 2278 ceteris
1454 2219 1539 2286 iocis,
1634 2288 1635 2291 Ἴ

372 2336 447 2398 quae
470 2325 595 2395 angusta
611 2337 670 2378 non
687 2325 765 2387 sunt,
781 2320 1017 2397 praepositiones
1033 2324 1146 2378 motum
1162 2318 1330 2379 indicantes
1344 2328 1539 2400 usurpantur,
1634 2302 1635 2375 ζ

372 2429 405 2481 ut
427 2422 465 2481 sit
494 2417 592 2483 εἴλειν
620 2421 651 2480 id
679 2420 758 2500 quod
788 2418 966 2499 compellere
989 2420 1145 2480 bominum
1173 2419 1394 2482 multitudinem
1424 2423 1456 2482 in
1486 2422 1538 2483 ali·

372 2541 460 2601 quem
483 2522 597 2583 locum:
627 2525 671 2582 sie
698 2524 729 2582 in
759 2521 905 2601 exemplis
932 2540 1021 2601 supra
1050 2521 1147 2583 allatis
1169 2521 1281 2582 dieitur
1308 2520 1352 2586 eie
1380 2520 1540 2603 ποταμὸν,

372 2622 451 2686 κατὰ
473 2622 592 2704 τείχεα,
616 2622 696 2685 κατὰ
718 2621 811 2703 ἄττα,
835 2624 878 2682 sie
901 2624 932 2682 in
955 2625 1127 2684 narratione
1150 2623 1240 2684 huius
1261 2625 1349 2702 iugae
1372 2626 1480 2705 ipsius,
1504 2626 1539 2685 de

293 2760 296 2763 ι
371 2745 429 2805 qua
452 2724 595 2785 hocloco
618 2727 733 2802 agitur,
757 2725 842 2785 initio
864 2726 1051 2804 insequentis
1072 2724 1143 2785 libri
1168 2724 1193 2788 Χ
1217 2722 1257 2786 12
1279 2726 1419 2804 legimus:
1444 2727 1480 2790 οἳ
1502 2725 1540 2802 δή
1633 2744 1634 2759 ’

371 2845 422 2889 τοι
443 2824 498 2889 εἰ(
519 2824 611 2889 ἄετυ
633 2823 729 2890 ἄλεν
752 2827 781 2887 b.
807 2845 833 2887 e.
856 2828 916 2887 iam
939 2828 970 2886 in
994 2812 1100 2886 urbem
1128 2827 1274 2906 compulsi
1301 2836 1371 2889 sunt
1393 2827 1448 2907 (sie
1473 2828 1539 2890 sind

371 2929 464 3015 sebon
491 2930 522 2989 in
552 2928 600 2988 die
623 2928 707 2989 Stadt
733 2928 872 2998 hinein·,
904 2927 1191 3007 zurbekgedringt),
1220 2947 1281 2989 non
1308 2949 1366 3009 quo
1389 2930 1466 2992 urbs
1482 2939 1540 2992 tam

371 3038 495 3108 angusta
528 3033 581 3101 sit,
616 3038 649 3091 ut
681 3031 834 3091 bominum
863 3031 978 3110 copiam
1006 3048 1115 3109 capere
1148 3048 1208 3090 non
1244 3032 1351 3109 possit,
1386 3032 1440 3093 sed
1471 3034 1540 3112 quia

370 3132 571 3193 Troianorum
599 3133 732 3192 conserta
764 3131 922 3193 multitudo
952 3131 987 3192 ab
1011 3131 1132 3192 Achivis
1160 3134 1191 3192 iu
1220 3133 1319 3210 lugam
1349 3124 1540 3194 coniecta'et
1632 3196 1633 3215 q

370 3253 424 3313 per
446 3242 549 3313 portes
570 3236 602 3294 in
626 3233 731 3293 urbem
755 3234 906 3312 compulsa
929 3240 984 3293 est.
1030 3234 1071 3293 Ae
1093 3241 1250 3312 praeterea
1273 3236 1341 3310 quis
1363 3237 1430 3296 iure
1455 3236 1540 3297 dixe·

369 3338 423 3405 rit,
447 3343 559 3396 vastam
582 3334 663 3395 illam
686 3333 790 3395 urbem
814 3342 882 3414 post
903 3335 1162 3415 pugnam-iisdem
1186 3335 1347 3406 militibus,
1372 3354 1449 3414 quos
1472 3342 1540 3398 ante

369 3455 500 3516 pugnam
522 3439 602 3497 intra
624 3437 740 3498 moenia
768 3438 982 3507 continuisset,
1001 3444 1070 3505 ‚tam
1099 3437 1241 3498 refertam
1264 3438 1372 3507 luisse,
1402 3447 1434 3500 ut
1459 3441 1540 3519 ipso·

369 3557 438 3599 rum
460 3538 618 3599 multitudo
641 3541 679 3599 iis
701 3538 915 3618 impedimento
938 3540 1034 3600 esset?
1061 3538 1243 3600 Praesertim
1273 3557 1343 3600 cum
1371 3559 1409 3601 ne
1433 3558 1541 3600 omnes
1631 3582 1632 3621 q

369 3640 507 3720 quidem,
536 3643 587 3720 qui
616 3641 652 3702 ad
679 3640 827 3720 proelium
850 3641 1093 3702 committendum
1117 3642 1268 3710 exierant,
1298 3644 1331 3701 in
1359 3642 1469 3703 urbem
1493 3660 1540 3701 re·

370 3743 485 3812 dirent,
509 3743 750 3823 quandoquidem
773 3742 934 3822 permultis
957 3745 1065 3803 occisis
1086 3761 1230 3803 numerus
1252 3761 1356 3804 eorum
1377 3744 1540 3804 vehemen-

370 3852 416 3905 ter
438 3844 610 3905 deminutus
633 3852 707 3904 erat,

937 4011 967 4074 3.

388 4187 391 4193 ·
453 4151 597 4231 Sequitur
619 4151 761 4230 deinceps
788 4151 947 4211 lectionum
976 4152 1075 4230 eopia,
1104 4169 1178 4231 quas
1205 4158 1304 4212 utrum
1328 4152 1466 4212 Rhianus
1489 4169 1543 4213 suo

368 4253 462 4312 Marte
483 4261 513 4312 et
535 4252 731 4313 coniectando
752 4253 886 4313 inventas
908 4254 1043 4333 posuerit
1071 4272 1108 4314 an
1131 4255 1303 4315 vetustioris
1323 4254 1455 4315 alieuius
1477 4255 1542 4314 edi·

369 4354 472 4425 tionis,
496 4372 572 4434 quae
587 4360 706 4416 enotata
722 4374 781 4417 non
798 4364 859 4426 est,
881 4355 939 4416 tide
956 4355 1078 4429 duetus,
1095 4355 1154 4416 aito
1169 4355 1397 4417 scholiastarum
1412 4355 1542 4417 silentio

1618 4832 1629 5177 l
