3312 5226
715 412 754 476 51

156 599 205 665 καὶ
227 598 459 680 Ἀριςτοφὰνης
481 597 752 679 αἰθρηγενεής
781 603 945 685 λέγουςιν,
972 606 1050 684 quod
1080 607 1109 666 in
1133 607 1217 667 codd.
1235 607 1321 679 ltro

156 706 255 765 versui
271 700 337 764 394
358 702 432 764 ialso
455 705 616 797 ascriptum
635 704 803 766 Dindorsrus
826 723 880 766 suo
902 706 967 766 loco
983 708 1143 768 restituere
1166 707 1319 789 omisit.³⁷)

154 805 320 867 Memoratu
342 807 464 886 dignum
488 804 631 873 estsine}
653 804 821 884 εἰρημένον
838 826 902 868 esse
920 808 952 868 id
967 827 1091 880 nomen,
1109 813 1139 871 in
1156 831 1215 891 quo
1231 813 1320 874 Rhia-

155 925 211 968 nus
238 907 385 979 haeserit,
415 926 481 968 nam
510 906 536 970 Ο
562 906 616 968 17]
651 916 680 968 et
706 904 815 972 1358
844 908 975 990 legimus
1003 907 1067 973 ὑπὸ
1096 910 1189 990 ῥιπῆς
1216 911 1321 993 αἰθρη-

153 1007 295 1083 γενέος
319 1008 442 1085 Βορέαο
470 1012 602 1089 itemque
631 1010 832 1089 apuddpoil.
856 1011 951 1071 Rhod.
974 1012 1011 1072 lV
1034 1010 1096 1074 765
1122 1011 1252 1091 ἀνέμοις
1275 1016 1321 1078 αἰ-

154 1109 380 1187 θρηγενέεςςιν.
411 1111 504 1172 Cuius
526 1112 663 1172 adieetivi
692 1115 891 1173 nominativus
914 1108 1101 1190 αἰθρηγενής
1130 1134 1198 1176 cum
1221 1121 1320 1179 versui

155 1213 330 1273 hexametro
363 1213 475 1274 includi
509 1232 568 1274 non
596 1220 711 1293 posset,
746 1213 906 1284 Homerus,
941 1222 973 1275 ut
995 1224 1091 1277 metro
1124 1220 1319 1289 satisfaceret,

156 1315 330 1375 auxiliarem
360 1335 448 1394 quam
477 1324 583 1393 vocant
604 1317 728 1376 formam
752 1314 976 1394 αἰθρηγενέτης
997 1320 1097 1388 finxit,
1127 1338 1214 1398 quam
1231 1321 1320 1383 Rhia-

156 1434 213 1476 nus
240 1424 272 1476 et
299 1417 513 1496 Aristophanes
539 1418 615 1477 hane
644 1416 681 1477 ob
710 1436 828 1478 causam
858 1419 1041 1480 damnavisse
1071 1422 1222 1493 videntur,
1251 1427 1320 1502 (prtia

156 1518 212 1578 hoc
234 1536 344 1579 nornen
367 1538 455 1580 sensu
478 1521 597 1598 passivo
619 1517 789 1598 praeditum
817 1538 882 1580 esse
914 1520 1072 1598 negabant.
1110 1523 1215 1584 Omnia
1239 1527 1319 1584 enim

156 1622 274 1681 nomina
298 1622 329 1680 in
352 1618 439 1697 -έτης
461 1622 615 1688 exeuntia,
638 1638 714 1699 quae
738 1620 813 1698 apud
836 1620 996 1681 ilemerum
1020 1624 1221 1694 inveniuntur,
1245 1624 1319 1688 αἰει-

155 1719 300 1797 γενέτης,
334 1719 572 1799 αἰθρηγενέτης,
612 1719 795 1801 αἰναρέτητ,
833 1719 1074 1799 ἑκατηβελέτης,
1109 1721 1319 1806 έριβρεμέτης,

155 1820 384 1901 ὑψιβρεμέτης,
408 1822 593 1901 εὐμενέτης,
616 1820 735 1900 ἱκέτης,
764 1820 907 1902 μητιέτα,
930 1824 1184 1906 νεφεληγερέτα,
1213 1845 1319 1905 ςτερο-

155 1922 324 2002 πηγερέτα,
340 1922 538 2001 περιναιέτης
555 1925 619 2002 (cir.
636 1926 718 1985 dem.
735 1924 928 1984 Wuerneri
946 1925 1035 1985 index
1050 1926 1144 1987 subst.
1162 1928 1246 1991 Hom.
1261 1938 1318 1991 cet.

155 2028 185 2086 in
222 2042 324 2105 progr.
347 2025 451 2085 Misen.
481 2044 506 2085 a.
532 2021 613 2087 1869
640 2045 669 2104 p.
693 2021 744 2104 21)
780 2028 967 2086 actionem
1000 2028 1169 2104 significant
1200 2040 1320 2110 praeter

155 2124 377 2203 αἰθρηγενέτης
400 2135 430 2187 et
452 2123 658 2209 αἰειγενέτης,
685 2127 775 2207 idque
803 2130 867 2188 sine
895 2127 986 2188 dubio
1008 2131 1038 2189 in
1062 2148 1148 2191 causa
1172 2133 1242 2203 init,
1267 2153 1320 2193 cur

154 2230 233 2289 inter
255 2218 374 2289 veteres
402 2225 657 2309 grammaticos³⁸)
692 2237 792 2289 essent
824 2232 874 2308 qui
903 2226 1125 2307 αἰθρηγενέτης
1155 2252 1213 2293 non
1241 2253 1319 2304 etim,

155 2332 207 2408 qui
229 2333 260 2391 in
292 2335 366 2390 ce're
384 2333 504 2404 neutros
531 2338 624 2398 esset,
659 2330 711 2390 sed
746 2332 797 2408 qui
824 2331 928 2403 frigus
953 2341 1173 2405 progeneraret
1196 2342 1246 2395 aut
1267 2339 1319 2413 qui

152 2439 309 2494 serenaret
328 2436 444 2493 caelum
466 2432 622 2510 designare
645 2431 870 2492 contenderent.
902 2430 1034 2501 Quorum
1058 2437 1233 2495 sententiam
1257 2454 1318 2496 am-

154 2535 258 2613 piexus
280 2534 415 2596 Rhianus
436 2536 492 2596 hoc
515 2534 691 2595 adiectivum
721 2536 841 2603 reiecit,
873 2551 939 2593 cum
967 2551 1073 2613 parum
1101 2544 1168 2614 apte
1191 2535 1318 2597 Boream

153 2633 180 2698 0
205 2633 264 2699 171
288 2642 318 2697 et
340 2635 365 2698 Τ
386 2634 448 2699 358
470 2640 502 2697 in
525 2643 593 2697 aere
624 2638 757 2714 genitum
786 2635 972 2715 eundemque
995 2653 1010 2697 ε
1033 2631 1096 2698 296
1124 2638 1256 2716 epitheto
1279 2641 1319 2698 si·

153 2739 278 2799 miliimo
300 2740 397 2816 frigus
418 2741 542 2816 gignere
565 2739 625 2799 dici
641 2737 850 2799 arbitraretur.
875 2737 936 2797 Hae
951 2737 1072 2816 quidem
1089 2740 1204 2800 ratione
1228 2742 1317 2801 etiam

152 2838 362 2920 αἰειγενέτης,
385 2840 421 2900 de
444 2859 503 2920 quo
519 2840 642 2900 deorum
658 2838 791 2918 epitheto
814 2857 840 2897 ν.
858 2838 981 2898 dmeisii
997 2839 1125 2918 append.
1149 2841 1185 2901 ad
1202 2860 1228 2902 ur
1244 2838 1317 2911 373,

152 2949 270 3002 mutare
299 2941 442 3012 debebat,
472 2943 584 3022 quippe
612 2940 690 3020 quod
720 2939 756 3001 ab
785 2942 878 3000 activa
908 2940 1122 3017 significatione
1151 2941 1237 3020 piane
1266 2943 1318 3002 ab·

151 3043 301 3104 horreret.
346 3045 383 3103 tt
411 3042 508 3104 obstat
530 3046 669 3103 constans
703 3043 901 3121 posteriorum
934 3041 1114 3119 scriptorum
1150 3061 1244 3112 usus„
1269 3046 1319 3122 qui

152 3163 213 3204 non
230 3145 316 3205 modo
332 3141 557 3221 αἰθρηγενέτης
573 3143 732 3204 Homerico
748 3161 831 3204 more
847 3149 1080 3222 usurpaverunt,
1098 3150 1130 3202 ut
1145 3142 1320 3206 Eustathius

152 3246 190 3306 de
207 3246 309 3326 Hpsm.
325 3266 355 3325 p.
366 3242 426 3308 172
443 3246 501 3326 (ed.
519 3244 679 3323 Hercher):
696 3240 748 3307 διὰ
764 3243 824 3321 γάρ
840 3263 890 3306 τοι
905 3245 1096 3321 παρθενικῆς
1111 3242 1319 3324 ἁπαλόχροος

151 3345 194 3411 οὐ
217 3345 338 3425 οιάηςιν
360 3345 583 3425 αἰθρηγενέτης
605 3347 740 3427 βορρᾶς,
763 3346 813 3406 sed
831 3348 919 3406 etiam
943 3346 1069 3425 simplex
1084 3345 1213 3423 γενέτης
1229 3366 1319 3409 sensu

150 3452 270 3530 passivo
293 3450 393 3510 dicere
416 3457 446 3509 et
468 3451 631 3528 composita
648 3449 768 3509 nomina
791 3449 848 3508 alia
863 3449 974 3525 fingere
990 3448 1068 3508 haud
1093 3448 1318 3518 dubitaverunt3

150 3553 209 3612 cir.
239 3569 313 3631 quae
342 3550 508 3611 Meinekius
531 3550 613 3611 Anat.
637 3550 718 3610 Alex,
743 3569 771 3629 p.
796 3545 837 3610 86
859 3551 1028 3627 composuit
1051 3552 1201 3630 exempla:
1226 3552 1317 3632 δορὴ,

221 3771 265 3835 37)
284 3767 436 3821 decentum
453 3765 611 3819 Diodorfins
634 3767 710 3819 reete
733 3762 886 3830 constituit}
913 3766 998 3819 antee
1020 3764 1096 3834 apud
1116 3766 1318 3821 Buttmannum

148 3852 302 3922 legebatur
320 3852 517 3920 αἰθρηγενέης,
535 3850 611 3918 quod
629 3866 677 3903 eur
693 3849 735 3904 La
751 3848 872 3902 Roehius
893 3847 923 3901 in
940 3848 1036 3903 adnot.
1054 3849 1098 3903 ad.
1118 3850 1144 3904 h.
1162 3851 1180 3904 i.
1198 3851 1317 3906 retinue-

149 3937 190 3991 rit
208 3936 308 3994 nescio.
436 3990 439 3994 ,

222 4025 266 4088 38)
285 4019 446 4074 Eustathius
465 4024 544 4084 1538,
565 4025 598 4073 34
621 4035 651 4073 re
668 4019 698 4071 in
721 4017 853 4086 ambiguo
880 4017 979 4072 relicta
996 4019 1063 4071 satia
1086 4017 1172 4071 habet
1196 4019 1318 4074 diversas

149 4104 400 4175 interpretationes
424 4118 667 4157 commemorasse:
695 4103 896 4170 αἰθρηγενέτης
921 4103 1024 4169 Βορέας
1052 4103 1203 4168 ὁαίθρον,
1228 4105 1318 4158 decu

148 4197 256 4259 ψῦχος,
274 4194 367 4244 ποιῶν
385 4192 403 4256 ἢ
427 4189 581 4257 ὁαίθρίαε,
605 4190 621 4241 ὅ
640 4188 714 4242 ἐςτιν
736 4188 841 4252 εὐδίας,
865 4189 953 4241 αἴτιος
977 4190 993 4252 ἢ
1017 4188 1033 4240 ὁ
1057 4187 1085 4240 έξ
1107 4186 1218 4253 αἰθέρος
1239 4191 1318 4253 γενό-

149 4292 253 4344 μενος,
271 4276 287 4328 ὅ
305 4276 378 4329 ἐςτιν
395 4275 506 4340 ὑψόθεν
524 4275 629 4328 πνέων.
647 4269 795 4339 Heynius
813 4270 849 4323 ad
868 4270 899 4323 tt.
918 4271 941 4323 O
961 4275 1008 4322 171
1027 4269 1230 4337 αἰθρηγενέτης
1249 4271 1320 4324 dixit

147 4377 213 4417 esse
231 4376 294 4414 eum
313 4358 373 4426 ‘qui
390 4360 590 4426 progeneraret
606 4357 712 4425 frigus)

1081 4446 1116 4492 4*
