3312 5226
686 375 728 439 39

128 567 317 627 mediocriter
334 566 576 646 commendatum
594 584 661 626 nam
673 584 748 646 quae
767 548 805 627 sit
821 567 911 628 dativi
923 571 1001 629 ratio
1011 586 1077 629 cum
1095 541 1187 653 verho
1203 568 1292 632 duur-

63 670 68 683 *
127 669 191 730 θεῖν
207 668 369 737 coniuncti,
386 667 464 747 quod
481 670 590 729 ceteris
605 668 678 728 locis
693 685 759 728 cum
781 671 918 746 genetivo
934 677 1139 740 construatur,
1163 671 1212 732 hic
1226 673 1291 751 ipse

126 788 229 831 versus
245 770 413 850 luculenter
429 769 622 830 demonstrat.
653 769 716 840 Qua
729 773 759 830 in
778 789 811 830 re
832 789 919 851 quam
936 780 1018 831 recte
1035 772 1168 834 Rhiauus
1184 776 1290 852 egerit,

126 871 262 951 plurihus
283 889 433 951 exponere
456 888 579 932 necesse
602 891 661 932 nou
686 879 747 941 est,
772 890 840 932 cum
868 871 925 932 iam
949 874 1112 934 Aristarchi
1135 891 1290 936 assensum

126 980 229 1033 nactus
256 975 295 1033 sit
323 980 353 1033 et
381 973 467 1034 multi
496 975 578 1053 iique
606 973 773 1051 gravissimi
796 975 874 1036 inter
902 982 1050 1035 nostrates
1078 974 1289 1057 philologos²⁹l

126 1074 280 1135 lectionem
309 1094 325 1135 a
354 1076 491 1154 principe
520 1075 787 1136 Alexandrinorum
817 1076 1040 1155 comprobatam
1072 1080 1159 1138 unice
1190 1098 1289 1140 veram

125 1195 188 1237 esse
212 1177 399 1237 edocuerint.
944 1166 947 1170 “

206 1279 251 1339 Ex
282 1279 386 1339 eadem
422 1279 554 1340 editione
589 1277 764 1341 Massiliensi
798 1281 920 1359 repetiit
952 1298 1040 1360 qoam
1073 1280 1105 1342 Π
1132 1278 1174 1342 59
1208 1276 1319 1344 dedit8

123 1380 299 1451 lectionem,
328 1399 417 1460 quam
440 1380 601 1441 dolendum
625 1380 770 1461 estquod
794 1383 915 1443 codices
943 1400 1003 1442 uon
1026 1384 1230 1462 incorruptam
1253 1384 1290 1445 ad

123 1500 176 1541 nos
196 1490 446 1562 propagaverunt.
485 1483 705 1543 Sententiarum
730 1502 859 1545 conexus
881 1485 930 1544 hic
954 1492 1007 1544 est.
1042 1484 1178 1545 Patroclo
1202 1489 1289 1546 enixe
1320 1559 1329 1583 ἢ

122 1585 256 1661 roganti,
279 1603 317 1645 ne
341 1585 470 1664 amplius
492 1602 620 1664 pugnam
650 1585 811 1655 detrectet,
836 1586 965 1647 Achilles
988 1587 1164 1665 respondet,
1189 1605 1220 1646 se
1243 1589 1289 1647 in-

123 1686 256 1763 digniora
279 1705 400 1766 passum
417 1705 482 1746 esse
505 1685 645 1765 superbia
662 1688 911 1763 Agamemnonis,
935 1705 1023 1766 quam
1052 1695 1084 1748 ut
1106 1689 1181 1748 lram
1199 1689 1288 1768 depo·

121 1795 223 1849 neret:
254 1789 334 1853 hunc
356 1790 435 1848 enim
459 1806 563 1849 ausum
580 1806 644 1848 esse
662 1788 795 1849 Briseida
818 1788 877 1849 sihi
900 1792 1033 1869 eripere,
1063 1807 1150 1870 quam
1174 1791 1288 1869 aprin-

122 1890 239 1970 cipihus
261 1891 440 1952 Achivorum
463 1877 631 1970 praemium
655 1891 835 1971 accepisset:
1282 1884 1285 1890 ’

272 2025 329 2104 τὴν
353 2024 387 2088 δ’
409 2025 456 2104 ἂψ
480 2024 515 2089 ἐκ
537 2027 654 2104 χειρῶν
677 2025 770 2089 ἕλετο
792 2023 907 2103 κρείων
930 2024 1135 2105 Ἀγαμέμνων

271 2125 445 2210 Ἀτρείδης,
471 2126 544 2191 ὡεεί
566 2127 632 2192 τιν’
655 2125 806 2206 ἀτίμητον
828 2127 1035 2207 μετανάετην.

120 2261 199 2324 ldem
225 2281 329 2324 versus
350 2272 396 2324 est
418 2263 508 2324 etiam
533 2262 539 2325 l
563 2261 626 2324 648
648 2263 819 2345 μνήεομαι,
844 2261 889 2325 dc
911 2262 947 2340 μ’
969 2261 1136 2343 ἀεύφηλον
1161 2263 1195 2327 ἐν
1219 2264 1287 2342 Ἀρ-

120 2362 250 2437 γείοιειν
284 2360 392 2440 ἔρεξεν
427 2364 598 2442 Ἀτρείδης,
635 2364 709 2428 urcei
742 2363 807 2427 τιν’
841 2363 991 2441 ἀτίμητον
1026 2365 1221 2442 μετανάετην
1239 2363 1286 2441 30),

120 2484 192 2545 quae
224 2466 314 2526 verha
345 2466 419 2527 nihil
448 2466 590 2527 exhibent
623 2468 751 2544 negotii,
786 2484 854 2526 nam
884 2484 950 2525 cum
980 2484 1017 2543 με
1045 2466 1286 2547 praegredia'tur,

121 2567 242 2629 dubium
265 2586 323 2628 nou
346 2575 407 2638 est,
431 2571 504 2648 quin
527 2568 563 2628 ad
579 2568 737 2639 richildem,
761 2568 812 2647 qui
833 2567 908 2628 haec
930 2568 1078 2648 loquitur,
1102 2568 1287 2631 additamen-

184 2838 231 2901 ⁴29)
250 2833 401 2905 Displicuit
421 2834 558 2891 Zenodoti
578 2835 663 2891 lectio
684 2836 800 2906 praeter
821 2835 1073 2891 Lachmannum
1090 2836 1286 2891 Duentzcro

119 2919 334 2989 Zenod.p.143
356 2921 385 2974 et
402 2921 534 2975 Zeitsohr.
558 2920 620 2975 hd.
644 2919 898 2990 Gymnasialwesen
916 2920 980 2974 XlV
1002 2926 1064 2986 334,
1087 2920 1230 2975 Lehrsio
1257 2921 1286 2974 in

118 3003 229 3058 Diurnie
241 3004 407 3072 antiquariis
418 3022 443 3059 a.
463 3012 529 3060 1834
545 3024 573 3075 p.
587 3013 648 3072 139,
667 3005 715 3074 qui
733 3005 909 3074 Spitznerum
926 3004 1108 3073 vituperavit,
1133 3005 1208 3073 quod
1224 3005 1285 3059 Ari-

118 3089 221 3144 starchi
243 3088 383 3144 rationem
403 3089 619 3160 repudiavisset,
642 3089 805 3159 Bergida,
833 3090 881 3157 qui
902 3088 1056 3143 thiaram
1082 3107 1110 3156 p.
1128 3095 1179 3143 498
1207 3089 1286 3143 illam

118 3190 151 3228 ne
168 3190 302 3244 graecam
315 3173 429 3242 quidem
446 3174 502 3229 dici
518 3192 600 3245 posse
614 3173 769 3240 contendit,
787 3173 936 3228 Ameisio
954 3173 982 3227 in
1001 3173 1121 3243 append.
1140 3174 1177 3227 ad
1189 3173 1285 3227 Iliadis

119 3258 182 3312 edit.
205 3277 235 3329 p.
255 3266 279 3313 7.
304 3259 429 3329 Recepta
452 3260 495 3313 est
516 3259 669 3315 Aristarchi
691 3260 720 3313 et
742 3258 844 3313 Rhiani
867 3258 950 3313 lectio
974 3258 1010 3312 ab
1028 3259 1107 3313 Imm.
1125 3258 1285 3331 Belrkero

117 3340 145 3394 in
162 3344 205 3398 ed.
226 3343 288 3409 alt,
314 3342 451 3411 Ameisio,
477 3343 647 3410 Duentnero,
675 3343 744 3398 aliis.
770 3350 814 3383 —'
833 3343 866 3397 ln
887 3345 1049 3398 transcursu
1067 3359 1285 3398 commemorare

116 3426 204 3495 iuvat,
227 3427 257 3481 in
275 3427 386 3481 scholiis
404 3429 440 3482 ad
457 3429 539 3482 Hom.
562 3429 593 3485 Il.
612 3427 814 3499 Lipsiensibus‚
837 3444 910 3497 quae
927 3425 1032 3482 Ludov.
1051 3427 1285 3483 Bachmannus

118 3518 228 3567 a.1835
251 3512 352 3579 edidit,
376 3512 431 3568 vol.
454 3513 468 3566 I
489 3532 516 3583 p.
538 3519 569 3568 15
592 3513 717 3568 scholion
740 3515 805 3568 οὐδ’
827 3516 876 3578 ὅγε
904 3515 950 3566 καὶ
972 3513 989 3577 ἡ
1019 3513 1241 3582 Μαεειλιωτικὴ,
1266 3517 1283 3580 ἡ

118 3599 228 3652 Ῥιανοῦ
248 3601 294 3652 καὶ
313 3600 411 3665 εχεὸὸν
429 3602 513 3652 odem
531 3600 597 3652 οὐδ’
614 3600 664 3664 ὅγε
682 3601 749 3666 πρὶν
767 3601 921 3653 Δαναοῑειν
939 3598 1034 3651 ἀεικέα
1052 3600 1150 3663 λοιγὸν
1168 3601 1284 3655 ἀπώεει.

117 3682 190 3736 ἔοικε
208 3683 239 3736 ὅὲ
257 3685 274 3749 ἡ
294 3684 376 3750 ἑτέρα
394 3683 559 3750 Ζηνοδὸτον
583 3685 656 3737 εἶναι
682 3699 700 3736 a
718 3683 795 3736 recto
821 3681 883 3736 loco
907 3682 1052 3736 aberrasse
1075 3683 1104 3736 et
1125 3685 1217 3736 versui
1235 3689 1283 3737 291

117 3765 268 3836 ascriptum
300 3784 374 3833 esse,
405 3765 435 3819 id
467 3767 542 3834 quod
575 3767 676 3821 mirum
704 3768 748 3821 est
772 3766 1112 3836 fugissessachmannum
1139 3765 1284 3820 editorem.
1345 3814 1348 3820 Δ

117 3850 268 3906 Praeterea
286 3852 381 3905 autem
399 3851 497 3906 scholii
514 3851 637 3919 initium,
661 3852 694 3906 ut
715 3868 788 3906 nuuc
810 3851 926 3920 legitur,
950 3849 1102 3905 absurdum
1125 3851 1178 3904 hoc
1200 3851 1283 3905 modo

118 3936 298 3990 correxerim:
323 3937 388 3990 οὐδ’
411 3938 473 4001 ὅγε·
500 3938 518 4002 ἡ
539 3938 745 4003 Μαεειλιαιτική
764 3938 809 3990 καὶ
828 3938 846 4001 ἡ
872 3938 981 3990 Ῥιανοῦ
1006 3938 1050 3989 καὶ
1069 3937 1168 4001 εχεὸὸν
1186 3940 1283 3989 πᾶεαι·

118 4020 182 4073 οὐδ’
200 4022 250 4087 ὅγε
270 4023 337 4088 πρὶν
356 4022 422 4086 cet,
441 4022 473 4075 ut
490 4020 583 4076 verbis
600 4023 667 4075 οὐδ’
690 4023 740 4086 ὅγε
758 4019 869 4073 initium
886 4036 982 4074 versus
1000 4025 1032 4073 97
1045 4018 1228 4087 significetur,
1247 4019 1284 4072 ad

118 4118 201 4170 quem
220 4121 291 4172 quae
309 4107 462 4173 sequuntur
480 4105 616 4160 adnotata
634 4106 706 4165 sunt,

184 4188 419 4256 commentamur
444 4190 474 4244 in
500 4189 543 4244 ed.
565 4190 598 4243 Il.
621 4190 658 4244 ad
674 4190 703 4244 h.
721 4190 739 4243 l.
758 4188 916 4255 adnotavit,
942 4188 1007 4243 hinc
1025 4205 1148 4254 versum,
1175 4186 1283 4258 dequo

118 4271 224 4342 agitur,
242 4291 390 4345 perperam
407 4274 547 4329 invectum
565 4291 624 4329 esse
637 4278 666 4331 Π
678 4281 723 4343 59,
742 4271 826 4342 quam
838 4273 1018 4340 sententiam,
1037 4290 1099 4327 cum
1117 4276 1285 4342 argumenta

117 4371 173 4412 non
189 4358 351 4428 protulerit,
369 4360 398 4417 in
416 4358 508 4414 medio
526 4359 661 4428 relinquo.
