3312 5226
366 614 438 657 usus
461 603 520 664 est,
546 612 614 654 curn
637 590 757 672 praeter
780 594 914 671 exempla
938 596 995 653 tria
1011 594 1098 654 inodo
1120 593 1204 654 allata
1229 593 1308 653 nulla
1331 596 1532 654 inveniantur.

366 698 449 758 llanc
471 697 562 757 luisse
585 696 695 756 llhiani
718 695 911 763 offensionem
935 697 1022 757 eliam
1051 696 1107 756 hoc
1135 702 1181 755 cst
1208 697 1417 772 gravissimum
1447 712 1533 772 argu·
1583 762 1586 769 ,

365 806 514 868 mentum,
537 786 615 878 quod
640 798 831 858 Aristarchus
853 799 923 859 hnic
946 800 1045 872 versui
1074 794 1217 876 diplen⁴⁰l
1248 799 1388 878 ascripsit
1410 804 1441 857 et
1462 814 1533 874 apo·

366 901 456 961 dosin
478 898 583 962 κολῶ(
606 898 646 963 ἂν
669 898 739 976 ἔχοι
761 898 995 961 subaudiendam
1024 918 1090 960 csse
1118 899 1207 969 dixin
1236 917 1363 979 cumque
1386 916 1535 976 gramma·

366 1005 445 1064 ticns
468 1002 516 1062 hic
540 1003 752 1079 sagacissimus
773 1002 939 1061 rectissime
962 1003 1020 1061 iam
1038 1019 1102 1061 eam
1118 1000 1279 1078 protulerit
1294 1001 1534 1078 explicationem,

367 1086 443 1183 qnae
466 1102 736 1172 enuntiationibus,
760 1120 835 1182 quae
854 1109 991 1181 'optatum
1015 1103 1197 1179 significent,
1221 1101 1371 1182 plerisque
1394 1101 1537 1163 omuibus

281 1190 283 1195 ’
368 1205 535 1266 adhibenda
559 1208 612 1275 sit,
637 1224 696 1265 non
719 1213 764 1265 est
780 1223 833 1265 cur
848 1205 999 1265 Rhianeae
1023 1204 1162 1265 lectionis
1179 1203 1236 1264 boc
1252 1203 1318 1264 loco
1334 1205 1535 1283 patrocinium

368 1308 575 1384 suscipiamus.

322 1394 365 1459 18
456 1407 579 1471 r331.
625 1411 739 1470 Aeneas
761 1427 829 1469 cum
844 1408 957 1469 Achille
970 1424 1146 1485 congressus
1163 1409 1227 1468 sine
1245 1406 1341 1467 dubio
1356 1407 1538 1489 interiectus

369 1518 462 1579 esset,
493 1513 551 1571 nisi
575 1509 730 1588 Neptunus
752 1510 875 1571 Achillis
903 1509 1057 1571 oculorum
1081 1511 1145 1572 acie
1169 1517 1325 1570 occaecata
1347 1509 1433 1570 illum
1457 1507 1538 1570 cele·

370 1599 446 1673 riter
470 1615 502 1673 in
525 1612 614 1674 altum
644 1612 794 1673 sublatum
823 1611 995 1690 abegisset.¹
1028 1611 1143 1672 Deinde
1172 1611 1244 1672 deus
1272 1611 1428 1672 audaciam
1456 1611 1540 1672 illius

369 1718 518 1792 vituperat
544 1716 632 1794 eique
654 1715 820 1786 dissuadet,
844 1733 882 1775 ne
904 1733 1045 1794 umquam
1061 1732 1126 1775 curn
1142 1712 1256 1793 Achille
1279 1714 1389 1773 invicto
1412 1712 1541 1793 deisque

371 1818 525 1877 carissimo
548 1817 709 1894 confligere
739 1818 870 1877 animum
901 1816 1031 1877 inducat.
1076 1816 1159 1877 Hanc
1189 1817 1356 1875 orationem
1384 1815 1541 1876 exorditur

370 1935 474 1980 versus
496 1918 545 1979 illc
568 1918 843 1998 frequentissimus:
1043 1992 1045 1995 ι
1389 1924 1391 1928 ’

498 2018 549 2082 καί
570 2038 622 2095 μιν
645 2018 798 2097 φωνήεα(
820 2017 901 2081 ἔπεα
922 2016 1099 2096 πτερόεντα
1121 2016 1297 2096 προιηύδα.

310 2124 315 2133 “
372 2120 471 2181 Schol.
488 2119 551 2183 καί
573 2139 634 2198 μιν
657 2119 863 2201 pluuntur·
885 2119 973 2197 παρὰ
988 2118 1165 2202 Ζηνοδότῳ
1181 2119 1243 2183 καί
1265 2139 1328 2197 μιν
1344 2117 1541 2190 νεικείων,

372 2220 460 2299 παρὰ
481 2220 597 2298 Ῥιανῷ
624 2221 693 2285 τὸν
721 2221 783 2285 καὶ
810 2221 1002 2285 νεικείων.
1027 2224 1059 2282 Α.
1101 2223 1161 2284 Cir.
1191 2224 1280 2283 etiam
1304 2222 1401 2283 Cram.
1426 2222 1541 2282 hnecd.

372 2323 467 2384 Paris.
496 2323 537 2383 lll
565 2319 626 2384 291
660 2321 847 2401 Ζηνόδοτος
879 2322 930 2386 καί
960 2342 1011 2401 μιν
1044 2319 1199 2387 νεικειίων
1234 2323 1304 2400 ρεῖα
1336 2320 1453 2386 νόετον
1486 2321 1542 2401 (sio

372 2422 493 2503 lalso41)
517 2443 572 2503 pro
594 2423 720 2488 Ῥιανὸς
742 2425 810 2506 τὸν)
835 2424 885 2488 καὶ
907 2423 1035 2487 νειιιίιον
1064 2424 1211 2503 προεέφη
1242 2425 1306 2484 cod.
1337 2425 1450 2484 Townl.
1499 2426 1542 2485 lle

373 2527 429 2587 hoc
462 2545 566 2594 versu,
600 2529 651 2603 qui
690 2535 796 2607 quater
830 2534 860 2587 et
896 2526 1074 2606 quadragies
1113 2527 1189 2604 apud
1222 2526 1386 2586 llomerum
1419 2526 1541 2604 legitur,

373 2631 429 2689 clr.
446 2629 613 2690 Classcni
631 2627 765 2690 libellum
782 2629 1015 2705 pulcherrimum
1028 2626 1292 2705 ‘Beobachtungen
1310 2626 1388 2688 iiber
1404 2627 1432 2705 d.
1451 2627 1541 2689 llum.

376 2729 666 2808 Sprachgebrauch',
687 2729 738 2790 nbi
750 2748 779 2808 p.
795 2726 926 2808 lllsqq.
945 2729 1078 2806 exempla
1092 2730 1190 2789 omnia
1206 2729 1330 2789 collecta
1341 2726 1544 2807 οιφωνήεαε

374 2833 527 2910 participii
542 2833 788 2909 significationem
800 2830 973 2901 luculenter
990 2832 1153 2907 expositam
1169 2832 1310 2891 invenies.
1341 2829 1425 2890 Nihil
1441 2838 1542 2893 autem

376 2933 556 3009 evidentius,
592 2952 679 3013 quam
716 2934 863 2994 Rhianum
897 2950 1076 3011 praegresso
1103 2931 1267 3001 Zenodoto,
1291 2934 1355 3012 *qui
1382 2932 1544 2995 lectionem

442 3188 485 3251 40)
506 3183 597 3237 Schol.
617 3185 634 3248 ἡ
655 3187 754 3249 διπλῆ,
774 3185 817 3236 ὅτι
835 3183 941 3237 ἔξωθεν
960 3181 1226 3248 προευποκοιιετέον
1246 3183 1281 3235 τὸ
1305 3184 1399 3236 καλῶς
1417 3185 1453 3237 ἂν
1473 3185 1545 3250 ἔχοι·

376 3269 401 3324 εἰ
418 3270 508 3323 αὐτὸν
526 3269 679 3322 ἀνελόντες
698 3267 897 3334 ἀεικιεαίμεθα,
918 3269 1011 3319 καλῶς
1030 3268 1065 3319 ἂν
1084 3267 1149 3331 ἔχοι.
1180 3267 1225 3319 καὶ
1244 3266 1275 3319 ἑν
1294 3267 1436 3337 Ὀδοεεείᾳ
1455 3269 1547 3336 «ἀτὰρ

375 3353 512 3408 πελέκεάε
530 3369 562 3416 γε
581 3353 626 3405 κοί
645 3352 670 3405 εί
688 3354 718 3404 κ’
744 3351 848 3417 εἰῶμεν
866 3351 994 3404 ἅπαντα(
1021 3351 1164 3415 erroneo.»
1190 3350 1223 3403 A.
1251 3349 1365 3418 (Versus
1383 3351 1426 3405 est
1443 3369 1467 3418 φ
1485 3359 1547 3420 260,

377 3455 460 3506 quem
477 3435 651 3490 Aristonicus
670 3451 720 3488 suo
738 3434 831 3489 Marte
848 3434 960 3488 videtur
978 3433 1130 3500 addidisem
1148 3434 1197 3487 sed
1209 3433 1293 3502 paulo
1312 3434 1414 3489 diuersi
1431 3438 1548 3504 generis

377 3524 452 3589 cst).⁴
472 3520 602 3572 Alterum
619 3518 742 3573 scholion
761 3520 818 3573 esi:
843 3519 868 3574 εἰ
885 3519 948 3573 ἀντὶ
971 3524 1022 3573 τοῦ
1046 3519 1112 3573 εἴθε.
1142 3517 1322 3585 Ἀρίετορχόε
1344 3536 1412 3586 φηει
1435 3521 1547 3576 λείπειν

377 3608 412 3661 τὸ
431 3609 525 3659 καλῶς
543 3605 578 3657 ἂν
596 3604 716 3670 γένοιτο.
734 3603 768 3659 V.
787 3601 960 3657 Verisimile
978 3601 1065 3670 igitur
1082 3602 1276 3677 Aristarchum
1294 3605 1392 3658 contra
1403 3603 1548 3659 Rhianum

376 3689 508 3744 hocloco
528 3688 622 3757 diplen
640 3688 774 3758 posuisse.

444 3776 488 3842 41)
505 3773 608 3828 Rhiani
625 3790 727 3828 nomen
744 3773 773 3827 in
791 3774 871 3829 codd.
890 3773 1016 3826 veterum
1035 3771 1202 3841 scriptorum
1224 3772 1335 3842 saepius
1359 3771 1549 3842 depravatum

377 3876 438 3915 esse
457 3857 565 3912 Saralius
582 3858 601 3913 l.
619 3858 637 3913 l.
655 3876 681 3927 p.
702 3864 733 3912 10
752 3858 781 3911 et
798 3855 952 3911 Meinelxius
973 3856 991 3910 l.
1014 3855 1032 3910 1.
1055 3874 1082 3925 p.
1103 3861 1152 3911 205
1171 3857 1200 3910 ci
1217 3862 1267 3910 206
1288 3856 1428 3910 nonnullis
1451 3874 1549 3913 exem-

376 3946 430 4015 plis
449 3944 718 3998 demonstraverunt
742 3940 895 3995 Eiusmodi
912 3940 1105 4010 corruptiones
1119 3940 1204 3995 etiam
1221 3940 1251 3994 in
1268 3941 1379 3995 scholiis
1388 3941 1549 3998 Homericis

376 4047 433 4086 non
451 4044 515 4084 raro
534 4027 775 4098 deprehendimus,
802 4044 868 4081 nem
898 4025 928 4080 in
954 4025 1076 4081 editione
1098 4025 1291 4105 Dindorfiaua,
1319 4043 1390 4093 quae
1417 4027 1551 4083 codicum

377 4115 518 4171 variantes
536 4115 688 4182 scripturas
706 4111 736 4165 in
753 4111 879 4180 margine
898 4111 1047 4166 adnotatas
1066 4110 1193 4176 exhibet,
1214 4112 1285 4165 haec
1307 4109 1421 4165 nomina
1442 4110 1549 4179 inveni,

376 4202 406 4254 in
424 4216 495 4270 quae
523 4200 630 4252 Ῥιανός
656 4212 805 4266 perperam
831 4196 1062 4249 transformatum
1088 4196 1143 4249 cst:
1171 4196 1282 4263 ἀριανόε
1309 4212 1327 4249 α
1345 4200 1386 4249 95.
1406 4201 1463 4249 124.
1487 4203 1550 4254 279.

378 4292 454 4350 γ24.
473 4287 488 4338 δ
507 4289 546 4336 12.
574 4288 662 4347 24913
689 4282 818 4350 ἀρειανόε
844 4286 936 4347 γ178.
955 4282 970 4333 δ
990 4285 1047 4336 158.
1067 4297 1080 4335 ε
1099 4286 1162 4345 393;
1189 4282 1303 4349 ἠριανόι
1328 4286 1422 4348 ε296;
1449 4281 1550 4350 ἄρινοε

379 4387 397 4423 α
415 4376 455 4423 95.
