3312 5226
869 402 1022 500 „re-

406 595 468 658 130
489 597 527 674 βῆ
550 594 583 659 δ’
604 593 691 674 ἴμεν,
716 590 903 657 descitum
926 588 1152 672 ὀρεείτροφοε,
1175 588 1246 654 ἀλκὶ
1267 591 1442 670 πεποιθώς,

489 695 560 762 dcr’
582 695 644 762 eic’
666 692 804 774 ὑόμενοι
825 693 876 758 καὶ
898 690 1050 771 ἀήμεναι·
1074 691 1108 757 ἐν
1132 691 1168 756 δέ
1191 690 1222 757 οἱ
1244 689 1316 766 dccc

488 799 623 863 δαίεται·
646 796 768 875 αὐτὰρ
790 794 810 859 ὁ
833 794 943 875 βουεὶ
964 792 1146 873 μετέρχεται
1168 793 1188 872 ἢ
1210 792 1324 858 ὀίεεειν
1382 848 1384 851 .

488 899 526 977 ἠὲ
547 898 618 980 μετ’
640 898 817 977 ἀγροτέρα(
840 895 999 978 ἐλάφουε·
1021 895 1145 960 κέλεται
1167 893 1204 959 δέ
1225 894 1242 960 ἑ
1263 896 1383 975 γαετήρ
1405 906 1461 959 cet.

362 1003 460 1065 Schol.
482 1001 606 1066 Ῥιανὸς
628 998 752 1079 αὐτὰρ
774 998 893 1079 βουεί.
916 1000 948 1060 Ρ.
993 999 1096 1061 Noluit
1118 999 1252 1060 Rhianus
1281 999 1448 1061 subiectum
1470 990 1535 1062 ite?

360 1107 438 1175 rari;
462 1123 495 1165 ac
517 1106 652 1183 prolecto
675 1105 786 1165 omisso
807 1102 859 1164 illo
882 1098 901 1163 ὁ
924 1119 1012 1162 nemo
1035 1100 1204 1161 subiectum
1231 1100 1429 1171 desiderabit,
1458 1121 1531 1164 cum

360 1207 478 1268 leonem
500 1206 634 1284 intellegi
664 1224 719 1285 per
748 1223 779 1266 se
807 1206 998 1284 perspicuum
1029 1204 1067 1262 sit
1097 1210 1127 1262 et
1159 1203 1237 1282 apud
1265 1202 1428 1264 Homerum
1456 1204 1532 1264 sub·

361 1311 485 1378 iactum,
509 1310 600 1369 etiam
623 1307 674 1368 ubi
698 1325 757 1367 non
780 1306 966 1384 significetur
989 1304 1133 1382 singulari
1163 1304 1322 1376 vocabulo,
1352 1308 1533 1386 saepissime

361 1412 469 1471 variari
493 1415 617 1470 constet.
662 1409 772 1468 Verum
801 1416 900 1468 tamen
923 1406 996 1485 quid
1018 1405 1166 1467 Rhianum
1191 1409 1333 1477 moverit,
1365 1425 1424 1468 non
1453 1411 1534 1469 satis
1639 1459 1644 1462 ,

360 1513 469 1592 liquet,
492 1512 670 1591 praesertim
693 1526 762 1570 cum
785 1527 904 1570 versum
920 1510 1082 1568 mutatione
1106 1510 1171 1568 eius
1194 1508 1350 1588 depravari
1372 1511 1460 1571 facile
1483 1510 1532 1571 di·

361 1632 424 1683 cas;
448 1619 529 1674 certe
552 1630 656 1673 versus
684 1611 794 1672 ceteris
815 1610 944 1689 pedibus
967 1608 1129 1689 dactylicus
1152 1610 1244 1670 inlato
1266 1612 1399 1691 spondeo
1429 1614 1534 1673 minus

361 1732 520 1775 numerose
543 1715 650 1775 cadere
673 1713 799 1774 videtur.
845 1713 903 1773 Sed
926 1714 1044 1773 aurium
1078 1710 1191 1772 iudicio
1219 1719 1337 1773 veteres
1364 1732 1423 1774 non
1450 1732 1534 1774 nun-

361 1834 447 1898 quam
470 1817 529 1878 alio
552 1835 640 1897 quam
663 1834 731 1876 nos.
748 1817 794 1875 usi
817 1809 899 1882 sunt,
928 1832 995 1874 nam
1025 1812 1117 1874 habes
1144 1813 1313 1891 exemplum
1342 1815 1533 1876 simillimum

360 1938 370 1980 ι
392 1914 456 1979 434
472 1915 594 1995 κείμην·
609 1915 719 1994 ἀὐτὰρ
734 1914 839 1994 χεροὶν
855 1912 964 1978 ἀώτου
979 1912 1155 1979 θετπεείοιο
1163 1963 1173 1996 ,
1195 1934 1283 1995 quem
1300 1928 1419 1977 versum
1434 1920 1534 1979 etiam

360 2022 460 2081 minus
482 2019 676 2081 volubilitatis
696 2018 807 2080 habere
832 2012 967 2096 patet.⁵²)

309 2112 353 2179 37
446 2117 559 2183 0299
603 2121 682 2182 Mars
710 2128 740 2181 et
761 2120 862 2179 Venus
889 2118 1020 2179 sollertia
1046 2116 1171 2178 Vulcani
1201 2125 1260 2179 tam
1294 2121 1368 2180 artis
1401 2121 1536 2183 vinculis

362 2222 550 2282 circumclusi
579 2231 671 2292 sunt
694 2228 737 2283 ut
755 2221 897 2298 ell’ugium
932 2238 991 2280 non
1019 2218 1151 2280 habeant
1182 2228 1213 2328 et
1236 2220 1365 2282 deorum
1393 2225 1535 2286 omnium

361 2327 535 2402 conspectui
559 2331 588 2384 et
611 2325 716 2384 irrisui
739 2329 940 2403 exponantur:

487 2424 539 2488 καὶ
559 2422 633 2489 τότε
657 2424 695 2502 δὴ
717 2423 914 2503 γίγνωεκον,
939 2420 991 2486 ὅτ’
1013 2420 1119 2486 οὐκέτι
1141 2422 1246 2502 φυκτὰ
1268 2423 1449 2490 πέλοντο.

360 2528 459 2590 Schol.
483 2525 671 2591 πέλοντο·
693 2524 819 2590 Ῥιανὸς
841 2525 958 2589 πέλοι
980 2523 1106 2605 γράφει.
1129 2525 1163 2586 Η.
1202 2525 1261 2585 Pro
1283 2526 1339 2586 hae
1367 2530 1534 2607 scriptura,

360 2648 446 2709 quae,
471 2622 540 2690 cum
555 2618 652 2690 metro
668 2630 754 2709 plane
778 2636 940 2709 repugnet,
965 2629 1123 2689 manifesta
1145 2626 1212 2687 labe
1235 2634 1352 2705 turpata
1375 2637 1427 2697 est,
1450 2630 1535 2692 Por-

305 2750 311 2761 ·
360 2750 414 2791 son
443 2730 639 2792 coniectando
671 2728 835 2794 πέλοιτο
869 2731 1018 2808 reposuit,
1052 2729 1131 2809 quod
1164 2730 1190 2789 si
1216 2748 1249 2790 re
1279 2747 1348 2790 vera
1371 2750 1386 2790 a
1408 2730 1536 2795 [thiano
1647 2812 1648 2815 Ἴ

359 2834 528 2912 proiectum
550 2840 609 2902 est,
633 2834 660 2893 is
681 2840 732 2893 aut
754 2832 837 2892 verbi
859 2849 1016 2892 numerum
1033 2831 1179 2911 pluralem
1201 2850 1269 2892 cum
1285 2840 1392 2893 neutro
1413 2851 1535 2910 genere

239 2914 248 2922 ¹
359 2936 551 2994 coniunctum
581 2942 632 3020 aut
659 2934 854 2994 indicativum
882 2933 955 2994 lerri
982 2952 1070 3014 posse
1098 2935 1226 3011 negavit.
1270 2935 1306 2995 dt
1333 2933 1536 2997 vehementer

358 3036 527 3096 mirandum
549 3043 643 3105 esset,
673 3037 699 3095 si
721 3035 885 3108 Rhianum,
914 3043 1032 3112 poetam
1062 3035 1145 3094 illum
1173 3036 1291 3112 epicum
1320 3042 1351 3094 et
1373 3035 1535 3099 Homerici

358 3136 477 3198 dicendi
493 3140 613 3214 generis
627 3138 855 3214 peritissimum,
869 3139 1004 3215 legisset,
1016 3136 1179 3227 llcmerum
1197 3136 1328 3196 nondum
1344 3139 1441 3197 teneri
1457 3137 1533 3217 lege

358 3258 407 3309 ea,
437 3257 494 3317 qua
523 3238 692 3300 subiectum
721 3241 820 3299 neutri
848 3241 968 3316 generis
995 3241 1026 3298 in
1054 3236 1162 3316 plurali
1190 3238 1321 3315 positum
1350 3238 1433 3298 verbi
1460 3242 1534 3302 sin·

357 3340 489 3417 gularem
516 3358 672 3401 numerum
700 3339 848 3401 asciscere
876 3339 967 3410 solet,
1003 3347 1033 3400 et
1061 3346 1156 3399 metro
1185 3345 1320 3399 coactum
1348 3341 1533 3417 saepissime

245 3432 251 3440 ’
356 3441 502 3520 pluralem
535 3460 695 3521 usurpare,
729 3442 766 3502 de
799 3459 857 3521 qua
890 3460 923 3502 re
957 3443 1011 3503 clr.
1045 3439 1127 3518 larga
1161 3440 1364 3519 exemplorum
1393 3444 1479 3520 copia
1515 3464 1533 3505 a

357 3542 512 3622 llruegero
541 3561 586 3620 gr.
614 3562 658 3621 gr.
683 3543 710 3604 ll
733 3542 757 3622 §
778 3539 834 3612 63,
862 3539 900 3613 2,
924 3541 941 3603 1
970 3543 1107 3612 collecta,
1138 3560 1246 3621 quan
1222 3540 1370 3605 πέλεεθαι
1399 3542 1532 3605 verbum

358 3697 561 3707 ..-....-.---

426 3776 469 3843 12)
488 3776 542 3831 Cfr
560 3775 649 3831 Maur
677 3774 889 3830 Schmidtius
909 3775 1001 3829 Arist.
1004 3774 1128 3829 -H.0mer
1152 3773 1310 3829 ΕκοακεοἸ
1301 3793 1332 3830 1n
1351 3775 1534 3834 Fleckeiseni

356 3861 449 3916 annal
477 3866 542 3915 1855
573 3879 600 3931 p.
626 3867 688 3914 221·
720 3860 894 3929 Vergleioht
916 3877 980 3913 man
1003 3862 1027 3916 Υ
1055 3865 1087 3914 17
1110 3861 1139 3926 (l'
1158 3861 1200 3927 18)
1232 3859 1284 3913 mit
1306 3866 1382 3915 1434
1409 3862 1531 3930 κείμην·

356 3947 447 4013 αὐτὰρ
465 3948 558 4013 χερείν
575 3946 680 4011 ἀώτου,
699 3949 780 4001 ttae
799 3944 871 3999 nach
888 3944 994 3999 Rhians
1011 3944 1109 3998 Lesurt
1129 3944 1248 3999 δαίεται·
1273 3946 1364 4013 αὐτὰρ
1387 3946 1478 4013 βουεί,
1502 3952 1531 4005 Φ

355 4037 405 4085 299
423 4030 480 4084 und
505 4029 593 4085 findet
614 4029 738 4084 daselbst
759 4046 843 4098 sogor
864 4029 909 4085 die
927 4028 1137 4099 Interpunction
1156 4028 1228 4083 nach
1246 4028 1310 4083 dem
1328 4030 1418 4084 ersten
1436 4029 1532 4088 Fusae

354 4114 471 4179 wieder,
493 4130 524 4168 so
541 4113 611 4168 wird
629 4131 695 4169 man
711 4114 787 4168 wohl
803 4113 882 4167 nicht
904 4113 1072 4168 zweifelhaft
1094 4113 1164 4178 sein,
1187 4111 1252 4166 dass
1277 4130 1313 4166 an
1335 4112 1411 4167 einer
1432 4115 1533 4180 guten

355 4188 463 4253 Anaahl
480 4213 535 4253 ron
553 4198 667 4264 Stellen‚
686 4198 772 4254 deren
789 4198 947 4266 Rhythmus
965 4215 1015 4251 uns
1032 4196 1110 4250 nieht
1127 4196 1257 4267 behagen
1273 4196 1338 4263 will,
1361 4214 1444 4251 unser
1464 4197 1530 4255 Ta-

356 4282 409 4347 del,
427 4298 508 4336 wenn
526 4298 556 4336 er
573 4282 627 4336 den
645 4282 768 4337 Kritiker
784 4282 867 4343 trifft,
885 4281 935 4335 ihn
950 4281 1118 4350 wenigstens
1135 4280 1213 4333 nicht
1231 4281 1272 4335 als
1289 4280 1348 4336 Met
1349 4281 1423 4336 πῖλοι
1438 4281 1530 4354 trifft,

356 4365 475 4420 sondern
492 4366 632 4421 vielleicht
650 4366 690 4422 als
707 4384 745 4420 au
763 4366 969 4435 consequentem
987 4364 1212 4421 Grammatiker)
