3312 5226
805 341 932 440 ...S-⁶
951 434 955 437 ,

299 535 442 596 adhibere
465 552 524 593 non
547 533 647 602 licuit,
661 550 740 614 ‘eum
762 535 787 592 si
811 529 943 609 ρυπόων
966 539 996 593 et
1018 531 1260 611 μεμορνχμένον
1284 533 1463 611 scripsisset,
1514 574 1516 578 -

300 645 330 697 et
353 644 483 696 metrum
506 635 647 696 violasset
669 646 698 695 et
722 637 868 695 orationis
890 636 1016 703 formam
1041 635 1222 696 reddidisset
1244 638 1466 696 inconcinnam.

300 738 397 808 Quare
420 737 494 797 haec
517 739 705 806 coniectura,
730 739 864 816 quamvis
887 737 960 797 lerri
982 740 1091 814 possit,
1116 757 1175 798 nou
1198 738 1287 816 digna
1310 744 1367 807 est,
1391 755 1467 815 quae

301 839 468 901 editoribus
491 839 725 921 commendetur.
758 838 859 899 Nihilo
882 841 975 899 setius
1000 859 1035 899 ex
1056 839 1165 899 Rhiani
1188 840 1319 899 editione
1342 838 1372 898 in
1395 839 1469 898 alias

303 944 445 1003 transisse
469 940 602 1009 videtur;
627 948 708 1001 certe
733 940 823 1000 codex
848 939 979 1001 Venetus
995 941 1035 1012 N,
1060 960 1148 1019 quem
1179 941 1220 1002 La
1235 940 1367 1001 Rochius
1388 941 1469 1000 inter

238 1062 240 1066 ⁴
302 1044 575 1123 praestantissimos
597 1049 749 1124 numerat,
774 1043 898 1102 eandem
922 1044 1083 1103 lectionem
1106 1045 1241 1103 servavit.

251 1139 296 1205 43
389 1141 499 1207 (386.
543 1144 748 1224 Eurymaclro,
778 1147 830 1223 qui
853 1145 1078 1205 contumeliosis
1108 1144 1208 1205 verbis
1230 1162 1299 1204 eum
1321 1144 1468 1222 perstrin-

303 1250 360 1316 xit,
384 1247 483 1307 Vlixes
511 1265 542 1306 se
572 1265 628 1306 nec
655 1245 771 1306 viribus
806 1245 849 1305 illi
878 1264 934 1306 nec
962 1248 1070 1306 virtute
1105 1247 1212 1306 cedere
1246 1245 1408 1325 respondet
1442 1252 1472 1305 et

304 1348 529 1410 minitabundus
552 1354 685 1407 extrema
708 1348 782 1407 haec
805 1347 895 1408 verba
920 1347 1016 1407 addit:
1447 1343 1448 1347 ’

346 1497 409 1562 384
431 1497 459 1563 εἰ
481 1497 513 1561 δ’
535 1497 685 1562 Ὀδνεεὺε
708 1497 796 1562 ἔλθοι
818 1499 868 1561 καὶ
888 1496 985 1562 ἵκοιτ’
1008 1498 1040 1561 ἑ(
1056 1498 1192 1575 πατρίδα
1213 1500 1318 1573 γάῑαν,

431 1598 515 1678 αἶψά
537 1599 572 1663 κέ
593 1618 643 1663 τοι
665 1600 705 1663 τὰ
727 1600 874 1677 θύρετρα,
896 1601 948 1664 καὶ
970 1599 1066 1678 εὐρέα
1089 1620 1150 1678 περ
1172 1600 1250 1680 μάλ’
1272 1599 1379 1678 ἐόντα,

432 1701 588 1782 φεύγοντι
611 1700 766 1766 ετείνοιτο
789 1701 835 1764 δι’
857 1701 891 1769 ἐκ
913 1701 1139 1779 προθύροιο
1163 1701 1289 1781 θύραζε.

306 1856 403 1916 Schol.
428 1854 474 1917 δι’
490 1854 524 1917 ἐκ
547 1853 738 1933 μεγάροιο
761 1852 896 1918 Ῥιανός.
920 1855 954 1915 Η.
979 1855 1112 1915 Articulo
1129 1858 1296 1936 praeposito
1319 1857 1475 1917 evidenter

307 1958 486 2024 ostenditur.
510 1956 549 2019 τὰ
572 1955 708 2033 θύρετρα
730 1966 834 2017 notare
858 1960 975 2017 ianuam
991 1957 1138 2017 conclavis
1160 1955 1336 2036 (μέγαρον),
1360 1962 1391 2019 in
1414 1979 1476 2038 quo

306 2060 389 2137 proci
412 2066 651 2119 commorantur:
673 2077 728 2138 per
751 2059 828 2119 banc
850 2061 895 2119 ire
918 2066 1036 2136 oportet
1059 2078 1141 2129 eum,
1165 2063 1217 2138 qui
1240 2079 1276 2119 ex
1298 2059 1422 2121 aedibus
1444 2061 1474 2120 in

308 2161 403 2220 aulam
426 2160 537 2227 tendit;
567 2157 648 2236 θύρα
670 2167 716 2220 est
737 2167 824 2240 porta
853 2160 937 2221 aulae
960 2163 1144 2240 saepimento
1173 2147 1390 2231 circumdatae,
1419 2180 1477 2240 per

308 2280 395 2342 quam
413 2281 448 2322 ex
465 2262 530 2322 aula
547 2261 626 2322 loras
643 2261 827 2338 discedunt„
842 2263 872 2322 id
888 2263 967 2341 quod
991 2275 1069 2322 eum
1082 2263 1133 2322 alii
1149 2281 1254 2324 versus
1270 2263 1387 2333 docent,
1413 2271 1477 2323 turn

308 2383 329 2425 α
353 2360 430 2434 ltin
465 2365 562 2443 itaque
596 2362 710 2439 θύραζε
745 2359 877 2441 φεύγειν
909 2365 987 2425 idem
1017 2372 1062 2425 est
1089 2383 1123 2424 ac
1151 2364 1240 2424 domo
1268 2364 1370 2425 relicta
1395 2365 1478 2425 ioras

308 2468 422 2544 lugere.
447 2463 508 2525 lam
531 2484 601 2526 vero
630 2466 698 2544 quid
728 2472 774 2525 est
801 2463 982 2546 aptemur,
1012 2467 1090 2546 quod
1119 2465 1418 2542 interrumperent
1446 2474 1478 2525 et

307 2567 366 2645 τὴν
395 2565 495 2643 θύραν
519 2569 710 2627 interiectum
740 2567 930 2644 cogitandum
954 2568 1016 2628 est?
1053 2568 1115 2628 Hoc
1143 2567 1478 2629 vocabulumlibianus

309 2687 368 2729 nou
402 2667 475 2728 lalso
508 2671 724 2747 interpretatus
753 2678 845 2736 esset,
880 2671 904 2728 si
939 2673 998 2730 iam
1031 2673 1182 2748 cognitum
1213 2669 1369 2730 habuisset
1396 2670 1476 2748 quod

310 2788 390 2831 nunc
413 2769 557 2830 debemus
569 2768 688 2830 sobriae
705 2778 735 2830 et
757 2772 993 2848 circumspectae
1009 2771 1044 2831 H.
1057 2770 1222 2852 Rumplii
1245 2773 1407 2841 doctrinae,
1424 2773 1478 2850 qui

311 2873 346 2933 de
370 2871 434 2931 aed.
460 2871 547 2930 Hom.
571 2871 584 2930 l
612 2891 641 2951 p.
666 2869 706 2933 10
738 2880 875 2933 accurata
909 2872 1120 2951 disquisitione
1154 2874 1383 2942 demonstravit,
1418 2872 1479 2933 duo

311 2993 375 3035 esse
399 2972 560 3050 πρόθυρα;
585 2973 711 3034 alterurn
734 2993 799 3034 esse
823 2977 980 3036 transitum
1004 2975 1041 3034 ab
1065 2975 1128 3035 aula
1158 2976 1193 3035 ad
1224 2976 1343 3036 domum
1369 2973 1478 3054 (Thur-

310 3074 401 3156 weg),
436 3074 565 3136 alterum
594 3078 752 3136 transitum
776 3096 792 3135 a
816 3078 859 3136 via
883 3077 918 3137 ad
942 3076 1038 3136 aulam
1061 3076 1230 3156 (Thorweg)
1260 3087 1290 3137 et
1318 3075 1478 3156 complecti

312 3199 363 3240 eas
385 3197 503 3257 quoque
526 3180 591 3237 viae
613 3184 728 3256 partes,
759 3196 835 3256 quae
865 3186 932 3238 ante
955 3179 1067 3238 lorium
1089 3180 1245 3239 introitum
1268 3180 1402 3256 proxime
1426 3179 1478 3238 ad·

311 3282 438 3339 iaceant.
462 3279 596 3340 Rhianus
611 3286 709 3339 autem
725 3278 861 3339 vocabuli
883 3282 1103 3359 compositione
1120 3287 1150 3340 et
1165 3279 1315 3341 nonnullis
1332 3279 1478 3350 versibus,

313 3389 345 3440 ut
360 3399 380 3441 α
398 3377 472 3450 119,
497 3383 618 3440 innixus
634 3380 729 3440 solum
746 3379 776 3439 id
794 3383 937 3460 spatium,
962 3382 1040 3460 quod
1058 3389 1141 3442 extra
1158 3381 1255 3442 aulam
1271 3388 1338 3442 ante
1361 3389 1479 3461 portam

312 3489 372 3550 est,
395 3481 578 3541 intellexisse
600 3482 732 3551 videtur,
757 3490 789 3541 ut
812 3483 927 3562 siquis
950 3502 966 3542 e
996 3483 1084 3543 domo
1107 3464 1222 3560 θύραζε
1249 3484 1381 3561 fugeret,
1411 3502 1480 3544 eum

312 3602 347 3642 ex
371 3582 453 3642 aulae
481 3591 569 3661 porta
592 3583 711 3643 demum
740 3601 891 3662 egressum
920 3585 955 3646 ad
985 3581 1151 3662 πρόθυρον
1179 3584 1322 3645 accedere
1349 3592 1481 3664 putaret.

312 3686 361 3745 Sic
383 3685 450 3743 lieri
474 3703 533 3744 non
556 3692 687 3762 poterat,
713 3689 785 3767 quin
802 3687 1002 3765 discrepantia
1026 3690 1056 3747 in
1079 3687 1136 3747 hoc
1153 3705 1240 3746 versu
1264 3686 1479 3757 offenderetur,

312 3794 400 3866 quam
425 3788 499 3846 scite
522 3793 552 3846 et
573 3805 716 3867 perquam
739 3795 806 3867 apte
830 3789 1004 3850 coniciendo
1028 3786 1072 3851 δι’
1095 3786 1129 3850 ἐκ
1144 3771 1483 3867 percipoiosustulisse

312 3907 380 3949 eum
405 3888 627 3948 concedendum
651 3898 711 3976 est,
735 3891 860 3970 quodsi
884 3893 1048 3969 antiquitus
1082 3889 1232 3967 vulgatum
1262 3898 1365 3957 esset,¹
1391 3909 1481 3951 nemo

313 3998 391 4051 esset
413 3993 464 4069 qui
488 3990 734 4068 reprehenderet.
759 3992 818 4053 Sed
840 4010 908 4051 cum
939 3993 1054 4070 vulgata
1082 3990 1172 4052 lectio
1200 4010 1260 4052 non
1283 3992 1425 4052 destituta
1441 3994 1485 4053 sit

313 4092 467 4152 commodo
490 4092 658 4162 intellectu,
692 4103 754 4154 tum
787 4096 907 4172 gravior
940 4094 1088 4154 acerbitas
1111 4096 1190 4154 inest
1212 4095 1243 4154 in
1266 4094 1335 4170 luga
1364 4112 1398 4153 ac
1419 4102 1484 4154 tre·

314 4194 465 4269 pidatione
487 4194 666 4273 Eurymacbi
689 4195 899 4265 describenda,
923 4198 948 4255 si
971 4196 1062 4256 totins
1084 4196 1189 4273 spatii,
1219 4196 1297 4277 quod
1320 4212 1486 4274 percursu-

315 4311 366 4353 rus
388 4300 442 4363 est,·
457 4287 599 4373 ‘singulae
614 4282 716 4372 partes
738 4295 920 4357 indicantur.
