3312 5226
629 402 781 503 25-

20 618 21 673 ι
123 606 256 661 neutram
280 599 310 659 in
333 604 450 678 partem
473 606 556 659 certo
578 598 700 659 decerni
721 605 829 677 potest.
865 595 996 667 Quarum
1018 593 1154 657 ordinem
1179 594 1287 657 ducant

123 721 188 773 eae,
211 720 287 781 quae
310 701 517 780 Aristophanis
539 700 673 781 Byzantii
695 718 817 761 assensu
839 698 1050 779 comprobatae
1073 705 1152 759 sunt.

202 803 228 866 Α
251 799 422 866 553.οὔτ’
444 798 601 879 εἴρομαι
624 799 717 865 οὔτε
740 802 932 879 μεταλλῶ·
956 796 1106 886 οὕταιεαὶ
1128 798 1334 877 Ἀριετάρ-ΙΙ

122 923 180 982 χου
200 902 255 968 καὶ
275 902 295 980 ὴ
318 902 447 968 Ῥιανοῦ
469 904 520 967 καὶ
540 903 560 980 ἡ
583 901 847 982 Ἀριττοφάνουτ·
870 902 922 965 καὶ
943 900 1026 966 ἔετιν
1041 900 1216 991 ἐμφατικὸν
1239 902 1287 965 bit

124 1004 300 1084 λεγόμενον
322 1004 360 1069 τὸ
383 1003 483 1068 οὔτε.
506 1003 538 1069 οἱ
560 1004 743 1085 γράφοντεε
766 1003 861 1068 οὐδὲ
883 1005 1061 1083 μεταλλῶ
1084 1006 1189 1067 κακῶ(
1210 1004 1287 1080 γρά-

19 1156 20 1159 ,
122 1126 244 1185 φοοειν.
266 1109 298 1169 Α.
327 1141 370 1152 -
397 1104 496 1185 ἄμφω
526 1107 578 1170 διὰ
599 1109 659 1170 τοῦ
686 1129 719 1189 r,
741 1104 788 1170 'lv'
814 1106 834 1189 ᾔ
861 1104 1058 1185 ἐμφαντικὸν
1087 1105 1135 1169 bic
1156 1104 1287 1185 λεγόμε-

120 1228 188 1273 νον.
212 1207 265 1271 καὶ
286 1207 321 1273 ἐν
343 1213 382 1291 τῇ
405 1206 569 1289 ἀπολογίᾳ
598 1210 634 1272 δὲ
656 1208 812 1288 μέμφεται
835 1206 881 1271 dic
902 1206 953 1270 ἀεὶ
975 1206 1154 1274 ἰδιάζοντα(
1176 1205 1285 1271 αὐτοῦ.

121 1307 194 1373 ἔθοε
217 1310 252 1373 δὲ
274 1310 416 1385 γυναιξὶν
439 1308 600 1388 ἀρνεῖεθαι
622 1307 671 1374 ὅτι
699 1310 779 1373 ποτε
801 1310 1057 1387 παρηνώχληεαν
1078 1312 1148 1373 τοῐε
1170 1308 1286 1387 ἀνδρά-

122 1431 175 1475 ειν.
209 1412 282 1473 BL.
319 1412 364 1473 Ex
386 1412 434 1472 his
455 1411 623 1473 luculenter
645 1421 783 1490 apparet,
812 1411 850 1471 ab
879 1411 1018 1473 omuibus
1045 1419 1113 1473 aute
1138 1412 1286 1473 Rhianum

18 1530 19 1557 ³
121 1514 287 1575 editoribus
309 1514 459 1592 vulgatum
482 1533 547 1575 esse
561 1512 665 1577 odoi
689 1515 851 1594 μεταλλῶ,
880 1514 960 1574 hunc
982 1533 1062 1585 vero,
1086 1532 1154 1575 eum
1183 1517 1214 1574 iu
1236 1513 1286 1574 illa

120 1613 335 1693 particularum
358 1612 433 1678 οὔτε
457 1624 487 1676 et
509 1612 586 1678 οὐδέ
610 1617 752 1677 societate
774 1616 853 1676 haud
876 1618 987 1676 iniuria
1011 1616 1191 1686 offenderet,
1215 1634 1285 1676 oon·

121 1717 320 1779 sentientibus
342 1718 541 1795 Aristophane
569 1726 598 1779 et
621 1718 794 1779 Aristarcho
822 1737 886 1779 eam
915 1719 1086 1796 reposuisse
1115 1718 1284 1787 lectionem,

120 1837 208 1899 φταια
232 1822 417 1881 etiamnunc
445 1839 549 1880 omnes
577 1819 721 1880 exhibent
746 1820 904 1881 editiones.
934 1819 994 1879 lam
1023 1821 1100 1898 apud
1123 1821 1285 1881 Homerum

121 1921 241 1999 quidem
264 1920 344 1982 nullo
367 1928 521 2000 praeterea
550 1922 615 1982 loco
644 1920 700 1982 hae
724 1922 886 2000 particulae
915 1922 958 1981 sic
986 1922 1170 1982 consociatae
1198 1939 1285 1999 repe·

17 2054 18 2063 ¹
120 2024 238 2085 riuntur
260 2031 290 2084 et
312 2025 389 2102 apud
412 2031 528 2085 ceteros
551 2043 669 2103 quoque
685 2025 850 2101 scriptores
870 2032 951 2084 tanta
974 2032 1019 2085 est
1039 2025 1171 2102 paucitas
1186 2042 1285 2083 exem·

119 2125 236 2203 plorum
259 2126 317 2187 tide
344 2126 558 2202 praestantium
587 2126 723 2186 codicum
751 2127 1007 2195 confirmatorum,
1037 2134 1070 2187 ut
1097 2128 1205 2187 merito
1232 2126 1286 2186 du-

17 2288 18 2291 ,
120 2227 210 2287 bitari
239 2230 350 2304 possit,
378 2245 451 2288 uum
479 2246 602 2305 usquam
631 2236 699 2305 post
726 2224 802 2290 orire
824 2228 918 2288 semel
938 2229 1068 2305 positum
1097 2229 1221 2289 inlatum
1249 2228 1287 2297 sit

17 2312 18 2315 Ἴ
120 2327 208 2398 οὐδέ,
238 2330 290 2389 sed
319 2330 344 2388 si
366 2346 506 2407 quaeras,
535 2331 586 2408 qui
613 2330 724 2389 iactum
753 2331 805 2401 sit,
836 2336 869 2389 ut
891 2330 983 2389 ceteri
1007 2331 1136 2390 editores
1158 2338 1284 2400 veteres,

17 2430 19 2473 t
120 2448 194 2509 quos
216 2431 394 2491 insolentior
415 2429 489 2490 haec
512 2430 631 2491 dicendi
654 2434 732 2491 ratio
760 2430 848 2508 plane
872 2432 983 2507 fugisse
1005 2432 1054 2491 vix
1076 2432 1205 2508 putanda
1229 2438 1284 2501 est,

16 2550 17 2569 ι
119 2531 197 2595 οὐδέ
226 2540 342 2593 mutare
369 2551 428 2593 noo
459 2532 618 2602 auderent,
652 2532 728 2611 nihil
756 2531 835 2592 aliud
862 2532 979 2592 videtur
1007 2534 1038 2592 iu
1067 2550 1155 2593 causa
1182 2532 1284 2601 luisse,

16 2622 17 2651 ³
118 2653 208 2714 quam
237 2634 316 2713 quod
344 2631 420 2696 οὐδέ
448 2635 719 2695 vetustissimorum
747 2633 893 2694 librorum
921 2636 1098 2696 auctoritate
1123 2634 1285 2695 nitebatur.

118 2736 201 2806 Quod
239 2738 265 2795 si
298 2728 467 2807 teneamus,
501 2736 588 2796 facile
621 2738 652 2796 in
681 2744 794 2797 rectam
823 2735 1001 2797 emendandi
1028 2739 1107 2798 viam
1136 2737 1284 2798 ducimur.

118 2836 253 2899 Rhianus
276 2840 357 2898 euim
385 2840 609 2917 corruptionem
637 2838 815 2918 quaerebat,
846 2838 897 2899 ubi
923 2839 1095 2917 quaerenda
1123 2858 1182 2900 non
1211 2848 1283 2909 erat,

118 2958 185 3001 oum
208 2957 270 2999 nou
292 2937 384 3021 οὐδέ,
414 2940 466 3000 sed
495 2938 584 3020 οὔτ’,
612 2941 690 3020 quod
720 2959 823 3001 omnes
851 2940 982 3001 editores
1009 2949 1126 3000 veteres
1155 2942 1286 3021 antiquis

118 3042 278 3103 elementis
299 3041 410 3102 ionicis
439 3042 554 3119 decepti
584 3045 789 3112 retinuerunt,
819 3043 1026 3103 emendatione
1050 3051 1163 3121 egeret.
1209 3045 1284 3104 Nam

117 3142 291 3206 Pisistratea
314 3144 404 3204 editio
420 3143 497 3204 haud
514 3144 603 3204 dubie
626 3144 702 3206 hanc
716 3143 882 3221 praebebat
896 3146 1077 3226 scripturam
1093 3143 1283 3208 ΟἙΕΡΟΜΑΙ

117 3245 146 3306 h.
170 3266 199 3307 e.
224 3242 265 3308 οὐ
288 3243 447 3325 relcuom,
469 3247 502 3305 in
524 3264 582 3325 qua
604 3246 739 3308 Rhianus
761 3266 829 3308 cum
844 3255 968 3327 propter
990 3248 1133 3325 digammi
1154 3249 1284 3308 inscien-

117 3350 187 3409 tiam
212 3345 237 3410 Τ
259 3349 346 3425 proi
368 3346 507 3425 legisset,
530 3348 619 3408 aliter
640 3349 757 3410 litteras
772 3349 945 3428 disposuere
962 3368 1024 3412 non
1039 3357 1172 3428 poterat,
1196 3367 1285 3427 quam

118 3452 157 3510 ita
180 3458 216 3510 ut
238 3447 311 3511 οὔτ’
334 3445 460 3527 εἴρομαι
480 3449 604 3527 legeret.
649 3450 713 3511 lloc
740 3470 777 3512 ex
800 3469 919 3523 errore,
950 3454 983 3513 iu
1011 3470 1099 3532 quem
1126 3459 1195 3530 post
1217 3472 1286 3514 eum

118 3555 209 3613 etiam
233 3551 447 3628 Aristophanes
470 3557 500 3611 et
520 3552 710 3613 Aristarchus
732 3554 919 3623 inciderunt,
947 3560 1015 3614 nate
1044 3563 1089 3616 est
1112 3558 1287 3618 coniectura

117 3652 192 3717 οὔτ’
221 3649 345 3730 εἴρομαι
373 3649 447 3715 οὔτε
470 3654 631 3736 μεταλλῶ,
662 3655 697 3716 ad
726 3673 814 3734 quam
842 3654 1058 3717 defendendam
1087 3658 1284 3736 excogitatum

117 3765 163 3817 est
186 3762 395 3833 argumentum
422 3755 585 3832 speciosius
612 3756 685 3817 illud
714 3757 834 3835 quidem
861 3777 950 3837 quam
977 3760 1094 3819 verius:
1122 3758 1174 3821 καλ
1201 3757 1284 3822 ἔετιν

116 3855 296 3937 ἐμφατικόν
320 3856 368 3919 bic
391 3855 569 3935 λεγόμενον
590 3856 628 3920 τὸ
652 3854 736 3920 οὔτε.
780 3858 863 3928 liuod
887 3870 1073 3939 quantopere
1088 3861 1233 3922 claudicet
1255 3867 1285 3920 et

117 3958 251 4028 vacillet,
276 3976 344 4019 eum
366 3958 471 4037 lugere
495 3977 552 4020 non
575 3962 701 4037 poterit,
730 3961 780 4039 qui
802 3963 834 4021 in
855 3969 950 4022 totum
972 3962 1062 4022 huius
1083 3962 1140 4022 loci
1162 3969 1284 4029 contex-

116 4068 180 4123 tum
205 4067 335 4121 mentem
357 4062 530 4123 intenderit.
575 4061 628 4122 Est
650 4063 732 4121 enim
754 4081 871 4134 versus,
896 4064 932 4124 de
951 4083 1011 4143 quo
1033 4064 1229 4141 disputamus,
1253 4065 1284 4124 in

114 4162 321 4241 pulcherrima
344 4163 394 4224 illa
417 4164 588 4226 narratione
611 4164 791 4225 domesticae
814 4164 1017 4226 altercationis
1038 4165 1231 4226 interiorem
1255 4176 1285 4228 et

115 4265 265 4326 lunonem
287 4267 443 4346 coniugem
466 4275 595 4329 exortae.
634 4268 728 4345 Atque
751 4266 824 4327 luno
846 4275 961 4346 patrem
977 4267 1129 4328 hominum
1145 4268 1284 4331 deorum-

115 4386 176 4447 que
202 4367 426 4445 obiurgaverat,
450 4369 529 4448 quod
552 4368 734 4430 clandestina
763 4386 881 4447 semper
903 4368 1060 4430 moliretur
1082 4371 1206 4433 consilia
1229 4392 1285 4435 neo
