3312 5226
626 484 778 491 -——-——-

14 570 17 651 l
120 587 155 648 ad
177 588 293 664 epicam
309 588 341 646 in
356 584 447 646 rebus
463 582 670 645 descrihendis
684 585 945 664 perspicuitatem,
970 590 1143 646 tamennon
1160 584 1285 657 videam,

14 718 15 743 ;
74 768 79 778 ὶ
121 706 174 749 cur
197 686 314 766 vulgata
336 685 426 749 lectio
449 686 522 746 lerri
538 692 675 765 nequeat.

14 858 15 865 ρ
202 789 257 851 llis
278 791 372 867 igitur
399 790 429 849 in
458 785 595 849 versibus
618 787 750 849 Rhianus
777 788 1007 866 Aristophanem
1042 786 1147 849 hahuit
1174 791 1286 867 astipu-

14 924 15 947 ι
119 893 253 954 latorem.
284 891 370 952 Nunc
385 874 716 968 perlustramus'nr'ulto
731 891 876 951 maiorem
891 908 1048 951 numerum
1072 900 1187 960 eurum,
1211 910 1286 971 quos

13 1014 15 1067 g
120 994 199 1055 solus
221 991 447 1053 commutavisse
470 991 588 1052 videtur
610 998 661 1052 aut
681 990 791 1070 quihus
812 999 894 1053 certe
917 991 1012 1053 solum
1036 993 1101 1054 eius
1123 1010 1231 1054 nomen
1253 995 1284 1054 in

13 1154 14 1181 ,
120 1096 241 1158 scholiis
263 1095 426 1173 ascriptum
449 1099 503 1156 est.

201 1196 235 1262 Π
256 1192 330 1259 559.
376 1195 547 1274 Sarpedone
580 1197 679 1255 occiso
707 1194 860 1257 Patroclus
888 1197 993 1258 hiaces
1027 1195 1216 1267 adhortatur,
1252 1190 1335 1257 ult

13 1384 15 1389 γ
120 1300 264 1360 Troianos
286 1299 362 1359 socii
385 1314 493 1374 corpus
522 1294 717 1356 defendentes
743 1295 928 1373 propulsent.
973 1296 1052 1357 lacet
1073 1298 1211 1377 quidem,
1240 1299 1285 1358 iu·

119 1404 195 1481 qrrit,
220 1399 391 1480 Sarpedon,
415 1417 481 1459 mea
505 1416 595 1458 manu
617 1402 801 1477 prostratus,
825 1398 877 1458 sed
901 1400 1013 1461 utinam
1036 1417 1116 1460 arma
1139 1400 1166 1459 ei
1188 1401 1284 1476 possi·

12 1502 13 1525 ³
120 1521 184 1563 mus
205 1501 337 1564 auferre.

447 1599 523 1665 ἀλλ’
546 1597 575 1663 εί
596 1619 649 1679 μιν
671 1597 891 1679 ἀεικιεταίμεθ
913 1598 1043 1666 ἑλόντε(

245 1701 360 1783 τεύχεά
381 1702 415 1766 τ’
438 1701 551 1782 ὤμοιιν
574 1701 774 1784 ἀφελοίμεθα
787 1701 839 1767 καί
860 1702 925 1768 τιν’
947 1701 1083 1783 ἑταίρων

244 1803 346 1871 αὐτοῦ
362 1804 575 1886 ἀμυνομένων
599 1803 813 1883 δαματαίμεθα
834 1804 924 1884 νηλέϊ
944 1806 1061 1887 χαλκῷ.

118 1911 171 1972 Ηίο
193 1909 275 1991 quod
298 1909 421 1986 optandi
444 1910 540 1969 forma
564 1909 607 1969 sic
630 1914 773 1987 usurpata
795 1915 852 1980 est,
883 1917 915 1969 ut
936 1908 1151 1970 adhortationis
1173 1911 1233 1969 vim
1256 1917 1285 1969 et

11 2062 12 2065 ,
119 2013 367 2092 significationem
390 2008 529 2086 accipiat,
552 2026 612 2069 non
635 2008 719 2069 deest
734 2010 938 2087 exemplorum
955 2013 1133 2072 auctoritas:
1157 2029 1224 2072 nam
1248 2011 1283 2072 ad

10 2188 11 2193 γ
119 2115 241 2175 eandem
264 2113 411 2172 rationem
435 2110 600 2171 revocanda
623 2117 692 2171 suut
713 2109 801 2172 verba
823 2111 950 2172 Menelai
972 2109 1075 2175 0571
1099 2109 1285 2189 Ἀντίλοχον
1333 2129 1340 2141 ·

119 2213 151 2277 δ’
173 2213 329 2292 ὤτρυνε
352 2211 431 2290 βοὴν
454 2208 576 2285 ἀγαθότ
599 2210 782 2278 Μενέλαοι·
805 2201 966 2291 Ἀντίλοχ’
988 2261 995 2274 .
1014 2259 1046 2275 ..
1069 2210 1104 2278 εί
1125 2212 1197 2278 τινά
1219 2233 1284 2279 που

10 2330 12 2339 “
118 2315 238 2394 Τρώων
262 2313 435 2393 ἐξάλμεναι
457 2309 560 2391 ἄνδρα
583 2312 789 2394 βάλοιεθα,
811 2322 841 2376 et
865 2315 888 2377 Κ
907 2314 962 2376 111
988 2316 1096 2378 Nestor
1111 2318 1232 2378 Aiacem
1254 2326 1285 2377 et

118 2419 308 2479 idomeneum
332 2418 443 2516 arcessi
466 2414 565 2477 iubet:
596 2413 683 2478 ἀλλ’
711 2413 745 2479 εἴ
771 2435 817 2480 τι(
839 2416 890 2479 καὶ
916 2415 1030 2480 rutiche
1058 2415 1284 2496 μετοιχόμενοε

116 2518 337 2598 καλέτειεν,
359 2535 457 2597 neque
480 2515 565 2577 aliter
587 2517 700 2594 lupiter
722 2517 796 2578 dicit
818 2514 844 2579 Ω
867 2516 909 2578 74
936 2515 1025 2581 ἀλλ’
1046 2516 1081 2582 εί
1102 2536 1148 2580 uc
1170 2516 1283 2580 καλέ-

117 2639 195 2685 εειε
218 2622 302 2684 θεῶν
326 2617 420 2683 Θέτιν
442 2614 538 2682 ἄτιον
562 2617 661 2695 ἐμεῖο.
706 2617 823 2697 Optime
847 2621 939 2698 igitur
962 2620 1052 2681 verba
1075 2639 1107 2681 se
1122 2619 1233 2706 hahent
1255 2628 1285 2681 et

9 2738 11 2809 p
117 2726 163 2784 vix
185 2725 345 2804 quicquam
369 2723 503 2799 reperias
525 2720 604 2800 quod
629 2722 790 2798 vituperes.
837 2720 1038 2783 Nihilominus
1066 2728 1165 2782 tamen
1194 2721 1282 2782 Rhia-

9 2828 11 2911 ᾖ
115 2843 172 2886 nus
193 2822 236 2888 εὖ
258 2842 314 2903 pro
336 2820 363 2885 εἰ
390 2824 528 2900 scripsit:
562 2841 589 2882 ν.
619 2821 710 2882 schol.
740 2819 828 2907 ᾁλλ’
859 2820 895 2886 εἴ
921 2839 999 2902 μιν·
1032 2822 1067 2888 ἐν
1094 2827 1133 2905 τῇ
1154 2821 1282 2886 Ῥιανοῦ

115 2924 202 2990 ἀλλ’
224 2923 266 2988 εὖ
288 2942 361 3004 μιν.
383 2923 417 2989 Α.
462 2922 534 2984 Cum
558 2925 590 2983 in
612 2925 722 2984 ceteris
744 2923 845 2984 verbis
862 2923 994 2986 lihiauus
1017 2922 1092 2985 nihil
1113 2926 1281 2994 mutaverit,

9 3066 11 3071 ,
101 3028 233 3089 <videtur
254 3027 303 3087 his
325 3024 462 3087 versibus
484 3030 597 3085 remota
625 3021 653 3087 εἰ
674 3024 819 3104 particula
841 3024 921 3087 nudo
944 3028 1075 3103 optativo
1098 3026 1178 3087 idem
1199 3032 1281 3103 opta·

116 3140 176 3190 turn
200 3130 391 3207 pronuntiari
413 3125 559 3195 voluisse,
590 3126 668 3205 quod
697 3144 785 3204 supra
814 3128 1027 3198 indicavimus;
1055 3126 1086 3209 id
1114 3128 1194 3206 quod
1221 3147 1281 3189 non

9 3270 11 3273 ψ
115 3238 227 3311 pugnat
249 3249 317 3292 cum
341 3248 396 3291 usu
419 3228 595 3289 Homerico:
619 3229 674 3289 cir.
698 3230 716 3290 δ
739 3225 817 3300 735,
840 3228 893 3289 ubi
915 3228 1063 3308 Penelope
1087 3235 1169 3309 optat
1190 3231 1280 3290 haee:

115 3331 199 3398 ἀλλά
218 3351 265 3396 τιτ
287 3329 431 3408 ὀτρηρῶς
452 3328 578 3395 Δολίον
608 3329 783 3395 καλέεειε
811 3328 964 3408 γέροντα.
992 3327 1029 3395 εὖ
1057 3337 1155 3392 autem
1177 3332 1280 3394 adver·

115 3434 197 3497 bium
221 3441 271 3497 aut
295 3436 338 3494 sic
361 3432 524 3500 intellexit,
548 3439 581 3492 ut
602 3434 633 3492 in
657 3432 805 3494 locutione
834 3430 871 3495 εὖ
900 3430 979 3496 κατὰ
1001 3430 1120 3510 κότμον
1147 3435 1279 3513 ponitur,

114 3546 144 3598 et
167 3543 200 3597 ut
220 3535 246 3598 Α
268 3531 330 3596 368
358 3535 470 3594 dictum
499 3539 559 3594 ost:
597 3531 648 3596 καλ
674 3533 794 3613 τὰμὲν
822 3532 859 3597 εὖ
888 3533 1044 3599 δάιεαντο
1072 3533 1150 3613 μετὰ
1177 3535 1280 3614 εφίτιν

114 3635 179 3701 υἷεε
201 3635 337 3714 Ἀχαιῶν
360 3636 433 3696 he.
457 3641 489 3694 ut
510 3652 564 3713 par
587 3643 615 3695 et
636 3655 763 3715 aequum
787 3644 846 3707 est,
870 3644 934 3709 aut,
958 3657 1017 3718 quo
1040 3640 1136 3716 magis
1158 3639 1279 3709 inclino,

114 3750 145 3801 ut
167 3758 186 3817 χ
212 3734 286 3808 190,
315 3737 369 3798 uhi
391 3736 570 3798 Melanthius
593 3738 720 3799 vinculis
742 3738 913 3817 colligatur,
943 3739 1000 3804 εὺν
1029 3739 1065 3802 δὲ
1092 3737 1195 3805 πόδα(
1217 3742 1280 3817 χεῖ-

114 3840 172 3917 ρά(
193 3859 228 3904 τε
251 3837 328 3903 θέον
350 3837 505 3917 θυμαλγέϊ
527 3841 646 3921 δεεμῷ,
678 3836 719 3902 εὖ
742 3837 820 3918 μάλ’
842 3837 1088 3919 ἀποετρέψαντε
1110 3839 1280 3920 διαμπερέε

9 3932 11 3941 '
114 3949 144 4002 et
165 3945 183 4005 θ
205 3938 246 4003 37
270 3937 440 4018 οητάμενοι
461 3939 496 4003 b'
518 3938 559 4002 ἐὺ
582 3938 702 4005 πάντες
723 3939 775 4005 ἐπὶ
797 3942 917 4019 κληῑτιν
940 3942 1054 4021 ἐρετμὰ
1076 3940 1195 4021 ἔκβητε.
1217 3943 1278 4003 lam

114 4046 139 4104 si
162 4061 303 4124 quaeras,
328 4061 382 4103 our
405 4043 538 4103 Rhiauus
561 4042 706 4120 vulgatam
729 4042 888 4104 lectionem
917 4046 1089 4113 mutaverit,
1118 4044 1278 4105 offendisse

113 4154 184 4222 puto
208 4162 277 4204 eum
299 4145 330 4204 in
353 4141 380 4206 εἰ
402 4144 546 4222 particula
570 4143 605 4204 ad
629 4145 811 4221 optationem
835 4136 1058 4224 significandam
1079 4146 1189 4222 posita;
1217 4145 1277 4206 Ηο-

114 4265 214 4308 merus
237 4248 317 4306 enim
340 4253 390 4306 aut
412 4246 524 4307 nudum
547 4248 710 4324 optativum
738 4254 788 4307 aut
816 4244 881 4311 εἴθε
910 4249 972 4308 sive
1000 4243 1069 4310 αἴθε
1092 4252 1142 4306 aut
1168 4244 1196 4310 εἰ
1216 4246 1278 4325 γάρ

114 4350 175 4409 sive
198 4345 231 4411 αἲ
253 4344 314 4425 γάρ
337 4357 367 4409 et
390 4349 446 4409 alia
461 4366 573 4426 ponere
595 4348 684 4418 solet,
709 4348 759 4409 sed
783 4348 875 4411 solius
898 4346 925 4413 εἰ
946 4348 1111 4431 particulae
1134 4356 1179 4411 sat
1193 4369 1279 4411 rarus
