3312 5226
686 402 727 465 23

125 594 250 675 proprio
272 609 387 653 servam
411 591 626 653 cubiculariam
651 591 773 653 indicat.
819 591 855 651 Vt
876 590 1025 650 Homerus
1047 587 1073 651 O
1095 585 1168 657 444,
1192 607 1217 667 φ
1243 586 1291 649 12.

126 693 169 758 60
191 692 356 774 φαρέτρην
378 689 526 768 ἰοδόκον,
549 695 593 753 sic
616 692 750 754 Rhianus
763 689 859 758 τόξον
883 689 1014 769 ἰοβόλον
1030 688 1100 759 7,1
1125 689 1291 770 appellavit,

126 807 157 858 et
179 798 252 857 haec
274 795 420 857 salutandi
442 794 569 855 formula
583 791 652 870 4,5
674 793 785 872 τηλόθι
807 813 860 874 μοι
882 791 967 872 μάλα
989 794 1081 870 χαῖρε
1105 812 1141 854 ex
1163 793 1215 853 illo
1237 793 1292 853 llu-

126 902 183 962 xit:
217 893 398 959 neuls.
424 892 485 957 179
512 894 628 973 χαῖρέ
657 915 737 978 μοι,
766 895 792 960 h
820 893 1008 976 Πάτροκλε,
1037 891 1139 956 9413
1168 890 1217 957 καὶ
1246 892 1293 975 τύ,

126 1000 240 1080 φίλοι,
269 996 372 1076 μάλα
400 998 531 1078 χαῖρε,
564 1016 583 1061 ν
610 993 662 1059 59.
692 1017 719 1060 ω
751 993 821 1059 102.
865 996 1000 1076 lienique
1030 993 1076 1058 δι’
1103 991 1293 1071 ἀτραπιτοῖο

125 1100 226 1166 κιόντι
247 1098 282 1171 4,
313 1097 329 1159 1
353 1099 431 1160 haud
455 1099 541 1160 aliter
568 1100 680 1161 dictum
704 1108 749 1160 est
771 1106 859 1179 atque
887 1096 941 1161 ord
968 1097 1067 1176 νήιον
1090 1093 1147 1160 ἰών
1177 1116 1198 1173 μ
1220 1093 1292 1166 335,

126 1202 179 1266 διὰ
201 1201 280 1281 vnde
302 1200 360 1265 ἰών
382 1219 403 1279 μ
424 1196 496 1262 206.

593 1460 821 1467 ——.——-—-

678 1659 742 1733 HI.

214 1849 277 1909 Hoc
300 1848 421 1928 quidem
445 1847 611 1908 studiorum
634 1847 864 1908 Homericorum
886 1864 995 1924 genus,
1024 1846 1102 1924 quod
1133 1844 1219 1905 modo
1243 1843 1294 1903 ad·

127 1950 278 2020 umbravi,
301 1958 420 2030 poetam
443 1950 630 2029 potissimum
653 1949 768 2028 prodit,
798 1950 850 2028 qui
873 1948 949 2008 nihil
972 1947 1122 2025 antiquius
1143 1944 1294 2014 hahuerit,

127 2070 215 2133 quam
244 2062 277 2112 ιιι
305 2070 387 2112 suam
417 2051 617 2130 eloquentiam
647 2051 683 2112 ad
712 2069 859 2112 summum
889 2056 1041 2111 auctorem
1068 2048 1146 2127 epici
1174 2046 1295 2120 dicendi

126 2156 247 2232 generis
269 2155 486 2214 conformaret:
510 2172 590 2214 nuuc
605 2160 792 2214 transeamus
814 2153 849 2214 ad
867 2151 965 2212 studia
988 2170 1038 2221 ee,
1062 2149 1173 2229 quihus
1196 2167 1294 2227 gram·

127 2258 270 2317 malicum
303 2262 333 2315 et
365 2257 502 2315 criticum
526 2273 558 2314 se
580 2257 741 2334 praestitit.
786 2254 951 2333 Frequenti
984 2254 1064 2313 enim
1097 2259 1126 2312 et
1156 2258 1294 2313 accurata

127 2358 250 2418 Homeri
277 2356 406 2417 lectione
435 2373 470 2416 eo
500 2356 643 2417 adductus
672 2364 731 2427 est,
756 2364 789 2416 ut
809 2388 853 2404 ·-
879 2358 913 2415 in
939 2355 995 2414 hac
1023 2371 1140 2433 quoque
1169 2371 1202 2412 re
1231 2354 1295 2413 aeri

128 2460 176 2519 sui
206 2458 453 2518 consuetudinem
481 2466 512 2519 et
539 2460 686 2518 rationem
714 2465 835 2517 seculus
862 2489 903 2500 -
931 2462 1045 2516 textum
1075 2455 1200 2513 vetustis
1228 2471 1304 2513 cor-¹

128 2556 255 2638 ruptelis
276 2560 414 2620 vitiatum
436 2559 596 2620 emendare
625 2566 800 2626 conaretur,
830 2560 879 2618 cui
907 2558 1029 2635 negotio
1052 2562 1113 2616 tam
1135 2554 1295 2632 diligenter

132 2678 253 2740 operam
281 2659 379 2732 dedit,
409 2670 441 2721 ut
467 2665 536 2740 post
556 2656 785 2738 Zenodolumffi)
814 2661 929 2740 primus
957 2676 1064 2718 novem
1087 2659 1294 2717 recensionem

127 2765 189 2823 sive
217 2762 386 2839 διόρθωτιν
420 2763 591 2823 conticeret.
636 2762 686 2823 Sic
719 2763 799 2822 enim
827 2768 966 2822 constans
994 2759 1219 2820 scholiastarum
1249 2758 1294 2818 di-

127 2864 215 2925 cendi
237 2883 309 2926 usus
332 2865 476 2945 explicari
498 2863 582 2925 iubet
604 2864 747 2926 lectiones
770 2865 889 2943 saepius
910 2865 942 2922 in
965 2862 1087 2922 scholiis
1110 2860 1219 2921 Rhiani
1242 2878 1294 2920 no·

127 2967 208 3026 mine
233 2967 414 3044 significatas
436 2974 467 3026 et
488 2965 655 3026 locutiones
677 2965 742 3025 illas
764 2964 784 3041 ἡ
807 2962 936 3027 Ῥιανοῦ
959 2970 989 3022 et
1010 2960 1030 3038 ἡ
1053 2959 1133 3023 κατὰ
1154 2959 1295 3040 Ῥιανόν,

127 3086 203 3147 quae
236 3069 267 3128 in
300 3068 421 3130 scholiis
454 3068 490 3129 ad
512 3067 537 3130 Α
560 3063 611 3128 97.
634 3062 698 3128 553
731 3074 761 3151 et
789 3065 825 3126 ad
856 3060 956 3126 Ω8ἷ).
985 3082 1007 3125 α
1028 3059 1084 3132 95,
1119 3062 1194 3123 loeis
1228 3062 1296 3122 aliis

125 3170 279 3247 leguntur.

212 3271 276 3333 Duo
299 3281 397 3335 autem
421 3280 523 3334 extant
544 3271 669 3342 scholia,
699 3289 734 3331 ex
764 3268 874 3349 quibus
902 3268 975 3329 duas
1005 3266 1051 3327 vel
1079 3268 1169 3327 etiam
1191 3266 1295 3346 plures

128 3376 323 3435 recensiones
354 3375 508 3437 ellhiano
538 3382 657 3454 paratas
685 3391 750 3434 esse
782 3371 870 3433 lacile
903 3372 971 3450 quis
1004 3370 1123 3443 ellicere
1151 3370 1293 3448 potuerit,

126 3479 307 3556 praesertim
329 3496 398 3539 cum
420 3477 624 3539 Aristarchum
647 3493 765 3555 quoque
782 3474 932 3554 duplicem
955 3454 1164 3533 recensionem
1186 3471 1294 3531 iecisse

127 3575 314 3658 sciamus.¹⁷)
358 3579 486 3639 Pluralis
508 3581 588 3639 enirn
612 3595 753 3638 numerus
775 3578 890 3655 positus
913 3582 958 3636 est
981 3572 1075 3634 schol.
1098 3573 1134 3635 ad
1157 3592 1177 3646 γ
1198 3569 1242 3632 24
1264 3569 1296 3634 οἱ

128 3678 209 3743 κατὰ
231 3677 374 3760 Ῥιανόν,
397 3680 450 3740 uhi
473 3681 632 3741 Mauricius
655 3678 840 3739 Schmidtius
862 3676 980 3756 Didymi
1003 3695 1032 3755 ρ.
1058 3670 1119 3736 189
1141 3672 1173 3736 αἱ
1195 3690 1250 3751 pro
1266 3671 1296 3736 οἱ

126 3783 276 3862 reposuit,
301 3791 331 3842 et
353 3781 444 3842 schol.
469 3781 505 3841 ad
527 3798 548 3855 γ
571 3777 632 3841 178
654 3777 687 3842 αἱ
708 3776 837 3843 Ῥιανοῦ
859 3776 1029 3856 γράφοντι.
1053 3776 1236 3855 Quamquam
1259 3775 1295 3834 de

197 4035 240 4102 16)
257 4033 382 4087 Primum
400 4050 464 4086 eum
482 4030 541 4084 dixi
557 4031 623 4101 post
635 4029 808 4083 Zenodotum
826 4027 922 4083 fecisse
936 4026 1102 4091 editionem,
1121 4024 1188 4091 quie
1204 4039 1295 4092 neque

127 4118 345 4174 Eratosthenem
362 4133 452 4185 neque
464 4115 645 4186 Apollonium
656 4113 809 4180 Rhodium,
828 4112 876 4182 qui
893 4111 966 4166 inter
977 4109 1152 4165 Zenodotum
1170 4110 1199 4162 et
1210 4106 1296 4161 Rhia-

128 4222 195 4258 num
212 4202 401 4269 intereedunt‚
420 4200 556 4257 editiones
575 4198 725 4255 confecisse
745 4198 863 4253 constet.

199 4291 241 4358 17)
260 4289 321 4343 Hoc
339 4286 421 4344 evicit
437 4286 603 4342 Lehrsius
620 4283 705 4339 anst.
723 4302 750 4353 p.
768 4289 800 4337 27
820 4281 874 4353 (ed.
893 4285 947 4351 pr.)
971 4280 1069 4334 contra
1085 4277 1230 4346 Wolfium,
1249 4277 1297 4344 qui

128 4375 234 4445 proleg.
254 4393 281 4444 p.
301 4380 349 4429 237
368 4373 529 4442 negaverat.
565 4369 619 4425 Cfr.
639 4366 841 4437 Sengehuschii
858 4365 939 4420 Hom.
958 4364 1022 4418 diss.
1040 4367 1055 4417 Ι
1071 4381 1099 4434 p.
1117 4369 1158 4422 25.
