3312 5226
869 386 1017 481 „E

359 580 532 640 testimonio
559 572 681 645 Ρ646,
717 575 768 637 uhi
791 577 864 637 Aiax
885 575 983 636 lovem
1006 575 1170 655 implorans
1191 582 1346 654 precatur:
1380 572 1445 636 Ζεῦ
1467 571 1527 636 πά-

359 697 414 756 τερ
421 726 433 761 ,
454 676 538 743 ἀλλὰ
561 675 596 742 ςὺ
620 675 710 755 ῥθςαι
724 675 787 741 ὑπ’
808 675 904 754 ἠέρος
927 672 998 740 υἷας
1019 673 1171 758 Ἀχαιῶν,
1194 672 1330 754 ποίηςον
1345 672 1381 738 δ’
1402 670 1526 755 αἴθρην,

360 780 418 844 δὸς
440 777 653 859 ὀφθαλμοῖςιν
676 776 808 844 ἰδέςθαι·
836 776 872 842 ἐν
895 777 930 843 δέ
952 776 1029 857 φάει
1051 777 1103 841 καλ
1123 774 1257 842 ὄλεςςον
1280 785 1338 839 cet.
1362 777 1436 839 Nam
1459 795 1526 838 cum

359 883 416 944 hoc
439 881 504 943 loco
531 879 625 959 αἴθρη
653 900 849 962 synonymum
877 883 916 942 sit
941 883 1022 942 vocis
1049 878 1151 962 φάος,
1180 882 1363 943 contrarium
1391 879 1529 957 caliginis

351 966 406 1045 'vel
428 983 636 1052 tenebrarum,
661 982 770 1060 quihus
791 983 969 1045 Achivorum
993 982 1069 1044 oculi
1084 991 1297 1051 occaecantur,
1320 1000 1380 1042 uon
1402 980 1528 1042 dubium

362 1095 406 1148 cst
440 1088 513 1167 quin
542 1085 733 1165 splendorem
761 1085 875 1146 indicet
897 1102 966 1145 eum
998 1087 1050 1165 qui
1084 1082 1211 1162 αἰθέρος
1240 1086 1382 1163 proprius
1415 1089 1461 1143 est
1482 1082 1529 1142 vel

363 1187 400 1249 ah
416 1188 537 1273 aethere
553 1189 770 1268 proficiscitur,
793 1193 823 1246 et
843 1187 924 1248 idem
941 1187 1035 1247 valeat
1056 1204 1090 1247 ac
1113 1189 1138 1247 si
1154 1187 1228 1247 Aiax
1240 1185 1338 1246 lovem
1361 1192 1462 1262 roget:
1479 1185 1528 1244 lac

361 1297 394 1350 ut
416 1287 476 1352 ὑπ’
498 1286 599 1366 αἰθέρι
622 1307 789 1369 pugnemus
817 1288 851 1367 (Ρ
872 1285 956 1365 371).
1001 1288 1058 1349 Sed
1090 1289 1214 1349 alterum
1244 1305 1363 1347 versum
1385 1286 1530 1349 Lehrsius

362 1411 420 1453 non
442 1392 596 1460 tractavit,
626 1392 678 1471 qui
707 1389 859 1451 difficilior
887 1397 933 1451 est
961 1390 997 1450 ad
1025 1389 1302 1469 interpretandum:
1334 1388 1369 1448 de
1398 1386 1530 1448 Planctis

360 1495 442 1554 enim
464 1493 592 1570 legimus
614 1511 635 1569 μ
659 1489 700 1553 75
723 1489 754 1554 οἱ
777 1491 813 1555 δὲ
836 1490 904 1555 δύω
932 1488 1145 1561 ςκόπελοιχὸ
1175 1489 1232 1566 μὲν
1261 1475 1436 1567 οὐρανὸν
1465 1485 1529 1551 εὐ.
1626 1496 1627 1535 ι

361 1593 434 1672 ρὺν
455 1591 556 1657 ἱκάνει
583 1590 669 1674 ὀξείῃ
691 1596 834 1674 κορυφῇ,
864 1591 986 1672 νεφέλη
1015 1590 1050 1656 δέ
1080 1609 1132 1669 μιν
1153 1589 1365 1671 ἀμφιβέβηκεν
1393 1588 1530 1665 κυανέη.
1626 1586 1627 1617 ι

360 1695 399 1760 τὸ
422 1696 480 1774 μὲν
503 1688 641 1759 οὔποτ’
663 1693 781 1774 ἐρωεῖ,
805 1693 882 1759 οὐδέ
905 1692 985 1758 ποτ’
1013 1690 1127 1770 αἴθρη
1153 1691 1261 1756 κείνου
1289 1690 1354 1769 ἔχει
1380 1691 1529 1771 κορυφὴν

361 1796 435 1862 οὔτ’
457 1795 493 1861 ἐν
516 1796 603 1875 θέρει
625 1794 698 1860 οὔτ’
719 1795 755 1860 ἐν
777 1794 899 1879 ὀπώρῃ.
934 1796 991 1857 Hic
1014 1814 1081 1857 eum
1104 1798 1189 1875 rupis
1211 1813 1353 1857 cacumen
1376 1796 1406 1854 in
1429 1796 1529 1873 ipsum

361 1896 504 1975 οὐρανόν
526 1905 685 1978 penetrare
709 1899 841 1968 dicatur,
864 1901 930 1960 fieri
954 1917 1012 1958 non
1035 1905 1133 1978 potest
1160 1899 1232 1978 quin
1256 1897 1377 1958 aethere
1401 1898 1529 1976 eiusque

361 2001 521 2080 splendore
554 2001 584 2063 h.
609 2020 636 2062 e.
670 1997 764 2083 αἴθρη
797 1999 1067 2061 circumfundatur:
1104 2017 1176 2077 ergo
1204 2001 1263 2060 nisi
1295 2000 1527 2078 repugnantiam

360 2103 579 2164 intolerabilem
602 2104 634 2163 in
657 2104 705 2163 his
731 2101 869 2163 versibus
896 2104 996 2163 inesse
1018 2102 1166 2171 volumus,
1196 2101 1385 2161 statuendum
1408 2102 1459 2160 est'
1479 2106 1529 2160 aut

361 2222 505 2265 cacumen
528 2203 685 2284 splendere
708 2202 829 2283 quidem
852 2206 1013 2266 serenitate
1044 2204 1192 2273 aetheria,
1221 2203 1274 2263 sed
1301 2221 1374 2282 prae
1396 2200 1530 2263 nuhihns

361 2307 530 2386 perpetuis,
560 2305 669 2385 quihus
690 2305 787 2365 media
810 2323 901 2384 rupes
924 2304 994 2384 (μιν)
1023 2303 1160 2366 obvoluta
1188 2311 1340 2373 teneatur,
1370 2302 1408 2365 ab
1430 2304 1528 2363 homi-

361 2407 451 2469 nibus
472 2425 624 2487 nunquam
647 2425 733 2487 posse
762 2408 910 2487 conspici,
940 2415 990 2468 aut
1018 2406 1109 2467 verba
1137 2402 1279 2483 οὐρανὸν
1308 2401 1405 2482 εὐρὺν
1426 2401 1530 2467 ἱκάνει

360 2511 488 2591 κορυφῇ
512 2508 553 2570 sic
575 2509 776 2588 intellegenda
799 2527 881 2578 esse,
904 2516 938 2568 ut
959 2526 1103 2569 cacumen
1131 2526 1190 2568 non
1212 2508 1289 2568 ultra
1311 2506 1407 2567 nubes
1429 2509 1531 2585 ipsum

360 2607 505 2688 οὐρανόν
527 2620 665 2688 tangere,
688 2611 741 2671 sed
757 2628 850 2690 usque
873 2610 909 2670 ad
933 2611 1093 2671 confinium
1116 2608 1189 2670 illud
1205 2608 1330 2671 nuhium
1352 2615 1383 2668 et
1397 2608 1532 2668 aetheris

361 2715 515 2793 pertinere
539 2712 665 2791 ideoque
688 2714 785 2789 ipsum
802 2711 934 2772 nubibus
948 2718 1122 2790 coopertum
1137 2718 1167 2771 et
1182 2710 1219 2771 ab
1234 2709 1389 2770 hominum
1405 2717 1530 2789 aspectu

360 2814 539 2875 occultatum
562 2831 627 2874 esse
648 2815 821 2891 cogitemus.

446 2915 490 2976 Ex
513 2916 562 2976 his
584 2916 677 2993 igitur
700 2914 840 2976 omnihus
861 2915 936 2975 haec
952 2914 1090 2976 videntur
1110 2920 1192 2974 recte
1214 2913 1366 2975 concludi:
1395 2915 1530 2992 primum

361 3013 472 3094 αἰθέρα
505 3035 571 3078 esse
612 3021 681 3077 aera
721 3014 918 3086 altissimum,
957 3033 1111 3084 serenum,
1152 3015 1371 3095 splendentem,
1396 3010 1529 3092 4αἴθρην

360 3118 450 3179 huius
472 3118 603 3179 aetheris
624 3119 816 3180 serenitatem
841 3126 870 3179 et
892 3117 1098 3197 splendorem;
1126 3116 1235 3178 deinde
1257 3113 1372 3193 αἴθρην
1393 3122 1427 3176 ut
1450 3117 1530 3176 acci·

362 3219 434 3280 dens
457 3239 473 3280 a
495 3218 675 3289 substantia,
700 3221 744 3280 sic
766 3219 803 3280 ah
826 3220 947 3307 aethere
971 3221 1105 3299 separari
1128 3237 1188 3279 non
1210 3235 1314 3297 posse,
1346 3218 1399 3278 sed
1420 3235 1530 3278 neces-

360 3323 440 3382 sario
471 3339 539 3381 cum
567 3341 602 3382 eo
630 3324 817 3383 coniunctam
846 3340 926 3392 esse;
961 3320 1089 3399 denique
1117 3317 1228 3396 αἰθέρα
1256 3319 1343 3397 longo
1371 3319 1531 3398 interpello

360 3423 389 3482 h.
414 3441 441 3482 e.
464 3422 595 3484 nuhihus
617 3431 647 3484 ct
669 3429 738 3484 aire
761 3424 930 3484 interiectis
958 3442 974 3483 a
996 3430 1077 3483 terra
1105 3421 1265 3483 disclusum
1294 3439 1359 3482 esse
1387 3438 1445 3480 nec
1470 3419 1531 3481 ullo

360 3524 447 3584 modo
470 3541 533 3601 eam
557 3527 746 3602 contingere,
770 3520 882 3600 αἴθρην
906 3523 943 3586 ah
967 3525 1088 3586 aethere
1110 3525 1198 3601 longe
1222 3540 1362 3583 emanare
1384 3529 1415 3582 et
1437 3521 1531 3583 nubi-

337 3625 417 3685 ·hus
439 3623 592 3705 dissipatis
614 3633 644 3686 et
666 3629 751 3705 quasi
774 3627 848 3687 caeli
877 3629 974 3705 portis
1001 3627 1114 3705 apertis
1141 3643 1235 3704 usque
1264 3624 1300 3685 ad
1323 3630 1434 3685 terram
1459 3642 1532 3702 per-

360 3729 457 3787 tinere
481 3734 511 3786 et
532 3745 582 3788 res
604 3734 764 3788 terrestres
792 3746 896 3787 serena
929 3726 994 3792 lnce
1018 3726 1200 3787 collustrare.
1247 3724 1326 3795 Quas
1354 3725 1393 3784 oh
1421 3743 1532 3786 causas

359 3828 512 3888 latendum
542 3836 602 3897 est,
636 3828 794 3889 lectionem
828 3825 920 3904 αἰθήρ
948 3835 1051 3889 nostro
1079 3828 1144 3888 loco
1172 3846 1232 3887 non
1261 3826 1336 3887 male
1365 3844 1380 3885 a
1410 3824 1532 3886 Rhiano

360 3930 551 3991 substitutam
574 3949 654 3999 esse,
678 3930 816 4010 quoniam
839 3929 892 3990 uhi
915 3926 1007 4005 αἰθήρ
1030 3936 1091 3998 est,
1121 3930 1291 3989 necessario
1314 3929 1403 3988 eliam
1425 3928 1531 4006 splen-

358 4032 413 4092 dor
435 4033 501 4091 eius
522 4033 552 4091 h.
576 4051 603 4091 e.
626 4028 719 4108 αἴθρη
743 4049 807 4091 esse
831 4030 934 4101 debet,
964 4038 993 4091 et
1015 4029 1092 4108 quod
1116 4029 1240 4090 deorum
1264 4028 1449 4089 domicilium
1474 4048 1533 4090 nec

359 4140 535 4213 tempestate
557 4133 674 4193 turhari
697 4151 752 4192 nec
775 4131 871 4192 imhre
895 4138 945 4194 aut
967 4133 1034 4191 nive
1056 4134 1149 4208 rigari
1172 4131 1285 4191 dicitur
1307 4136 1338 4190 ot
1359 4128 1454 4206 αἰθήρ
1478 4148 1532 4209 ap·

359 4233 487 4315 pellatur
510 4232 686 4312 ἀνέφελος,
709 4233 740 4293 id
763 4235 872 4294 eximie
896 4234 1035 4311 congruit
1057 4251 1124 4292 cum
1148 4233 1201 4300 iis,
1225 4250 1301 4312 quae
1325 4249 1413 4309 supra
1436 4251 1533 4312 expo·
1565 4262 1568 4267 ·

361 4339 416 4397 sita
440 4346 522 4405 sunt;
551 4354 608 4398 nec
631 4354 701 4396 vero
723 4337 782 4416 ipsi
805 4335 930 4396 Lchrsio
953 4333 1061 4397 Rhiani
1090 4334 1179 4394 lectio
1202 4352 1261 4394 non
1283 4332 1444 4414 probatur,
1479 4336 1533 4417 qui
