3312 5226
868 415 1019 513 ,ἐξέ-

361 611 477 677 insunt,
511 626 585 688 quae
614 607 739 667 Homeri
768 624 825 666 non
855 605 943 665 modo
972 605 1092 684 legendi
1120 605 1320 684 diligentiam,
1356 602 1408 663 sed
1437 603 1529 662 etiam

360 710 497 770 imitandi
518 709 650 770 studium
675 715 814 769 testatum
838 709 956 770 iaciant.

445 811 620 872 Dialeoto
653 811 774 890 quidem
802 808 936 871 Rhianus
963 828 1023 871 non
1051 812 1168 888 integra
1197 827 1252 869 neo
1280 809 1428 869 constanti
1457 825 1530 868 usus

288 972 292 973 ε
361 921 407 974 est
430 915 531 992 epioa,
561 930 627 972 oram
651 911 769 991 saepius
797 911 917 973 doricas
946 913 1057 972 lormas
1084 912 1213 972 orationi
1241 910 1445 978 inmiscuerit,
1476 908 1528 975 sed

360 1015 550 1076 Homericam
572 1015 702 1094 speeiem
726 1022 756 1073 et
778 1015 925 1091 originem
948 1013 1035 1075 facile
1052 1013 1274 1074 animadvertes
1295 1013 1326 1072 in
1347 1012 1456 1071 horum
1479 1028 1528 1069 ro-

361 1116 534 1177 eabuiorum
558 1117 679 1177 formis:
702 1113 815 1179 τόςςον
831 1163 838 1177 .
855 1163 861 1177 .
877 1112 973 1178 όςςον
995 1111 1030 1184 2,
1054 1111 1090 1184 3,
1120 1112 1155 1178 έν
1185 1110 1266 1190 εἴαρι
1291 1110 1346 1183 11,
1370 1109 1405 1182 3,
1430 1109 1529 1174 ἄνθεα

362 1215 485 1296 εἰαρινά
506 1216 545 1287 2,
568 1215 603 1287 4,
628 1219 749 1294 ςτεινῆς
769 1213 806 1287 4,
827 1213 862 1287 2,
885 1213 1033 1308 τρηχείην
1051 1213 1107 1285 11,
1132 1214 1164 1285 1,
1188 1211 1284 1278 άςςον
1299 1210 1335 1285 4,
1358 1210 1395 1284 5,
1419 1211 1529 1290 τηλόθι

360 1320 450 1389 ibid,
485 1318 623 1382 πολλάκι
651 1315 687 1389 8,
716 1315 751 1390 2;
786 1337 841 1379 neo
869 1319 969 1379 minus
998 1320 1029 1378 in
1059 1317 1293 1377 declinationum
1327 1316 1432 1377 lormis
1465 1317 1527 1377 iris:

361 1419 596 1499 Ἀςκληπιάδεω
625 1417 660 1490 9,
691 1419 736 1494 1,,
752 1416 914 1483 Λεπτίνεω
937 1417 972 1488 3,
997 1416 1033 1498 7,
1062 1421 1118 1499 θεῇ
1147 1416 1181 1488 8,
1204 1415 1239 1488 5,
1272 1414 1419 1498 ῥοδέῃςιν
1442 1415 1476 1487 4,
1499 1415 1527 1487 3,

361 1522 551 1602 ἀτραπιτοῖο
567 1519 598 1592 4,
623 1520 649 1592 1,
673 1520 814 1599 χέρεςςιν
836 1518 866 1591 4
888 1518 908 1582 3
932 1527 961 1580 et
983 1518 1116 1597 >reinero
1131 1517 1161 1590 6,
1184 1517 1214 1590 3,
1238 1516 1310 1582 κατ’
1333 1517 1408 1598 έμεθ
1426 1516 1474 1589 11,
1493 1518 1528 1592 1;

362 1634 392 1686 et
413 1627 445 1686 iu
469 1624 627 1685 verborum
649 1626 756 1685 lormis
778 1625 876 1700 xedor
900 1621 933 1692 1,
960 1623 992 1691 1,
1017 1620 1176 1700 χευαμένη
1199 1617 1228 1691 8,
1246 1618 1272 1681 ’2
1296 1621 1360 1702 (eir.
1385 1619 1407 1684 C
1428 1617 1479 1681 24.
1503 1640 1530 1683 ω

361 1724 449 1805 317),
473 1725 572 1789 κιόντι
594 1723 624 1795 4,
652 1724 678 1795 1,
703 1727 798 1801 θῆκεν
821 1721 856 1794 8,
879 1722 915 1794 5,
945 1723 1073 1802 μόλοιτε
1095 1721 1132 1794 3,
1157 1720 1211 1793 11,
1235 1720 1431 1801 ἀμφιτέθηλε
1453 1720 1487 1794 3,
1511 1720 1530 1783 6

365 1828 411 1908 (de
441 1848 499 1908 quo
528 1827 620 1887 verbo
649 1828 813 1904 composito
842 1827 897 1886 eir.
929 1825 1107 1887 adieetivum
1134 1825 1324 1886 Homericum
1352 1822 1532 1903 ἀμφιθαλὴς

364 1929 390 1993 Χ
412 1927 503 2008 496),
527 1927 590 1991 έςςί
615 1927 640 1996 l,
664 1925 694 1988 3.
718 1926 751 2008 4,
773 1926 804 1987 4.
849 1928 892 1988 Ex
914 1926 1277 2007 praepositionibus
1299 1926 1391 1986 aliero
1412 1924 1487 1989 ποτί
1502 1923 1530 1995 3,

363 2028 393 2092 3.
418 2028 448 2098 4,
468 2026 492 2100 ,3
516 2038 545 2089 et
573 2026 654 2091 κατά
681 2048 736 2108 per
765 2030 872 2090 tmesin
901 2049 917 2090 a
940 2028 1032 2090 verbo
1060 2026 1125 2105 χέω
1154 2036 1323 2108 separatum
1348 2025 1380 2098 1,
1407 2025 1423 2088 1
1453 2026 1532 2089 κατὰ

363 2129 483 2205 γλυκὺν
512 2132 611 2207 χεθαν
644 2128 772 2211 ἔλαιον,
805 2131 883 2210 quod
916 2131 1003 2210 piane
1032 2129 1191 2191 Homerico
1225 2147 1308 2190 more
1337 2129 1449 2190 dietum
1478 2137 1531 2197 est,

365 2248 544 2314 quamquam
567 2231 598 2294 Ψ
620 2229 683 2293 282
706 2230 806 2315 ὑγρόν
829 2230 940 2295 ἔλαιον
963 2230 1104 2309 χαιτάων
1126 2230 1277 2308 κατέχευε
1298 2234 1403 2292 tmesis
1425 2233 1534 2291 omissa

366 2343 421 2396 est.
465 2335 752 2395 Particularum
780 2334 992 2395 abundantiam
1020 2329 1096 2395 itane
1117 2331 1138 2411 ἦ
1161 2331 1203 2411 ῥά
1230 2331 1270 2395 νύ
1292 2351 1342 2395 τοι
1363 2330 1399 2403 4,
1424 2332 1441 2392 1
1465 2350 1533 2392 ean·

366 2437 434 2497 dem
456 2438 521 2497 lere
544 2437 670 2515 legimus
693 2436 725 2500 Μ
751 2432 898 2500 162Ζεῦ
925 2434 1045 2518 πάτερ,
1073 2433 1093 2513 ἧ
1117 2433 1158 2512 ῥά
1181 2454 1220 2498 νυ
1242 2431 1292 2496 καὶ
1315 2433 1351 2497 cir
1374 2435 1533 2512 φιλοψευ·

367 2539 424 2616 δὴ(
445 2537 588 2620 ἐτέτυξο,
613 2548 643 2599 et
665 2535 685 2600 ά
708 2537 805 2617 φίλος
826 2536 861 2608 4,
886 2536 906 2599 6
934 2539 1055 2600 ductum
1084 2546 1131 2599 est
1159 2556 1195 2598 er
1218 2538 1378 2598 Homerico
1407 2533 1427 2598 ἆ
1449 2534 1535 2598 δειλέ

367 2639 392 2703 Λ
414 2637 486 2700 441.
510 2636 588 2710 452,
611 2639 644 2702 Π
667 2637 728 2701 837
754 2640 791 2700 ai.
1112 2715 1115 2721 .

452 2741 635 2802 vocabula
658 2760 749 2822 porro
772 2761 809 2802 ex
824 2741 955 2802 Homero
971 2741 1136 2821 desumpsit
1151 2741 1240 2801 haec:
1264 2738 1423 2818 ἀτρεκέως
1440 2737 1488 2810 10,
1504 2736 1536 2810 2,

368 2841 513 2907 ὑςτάτιος
535 2839 571 2912 2,
594 2840 631 2913 2,
655 2841 790 2922 ἀμογητί
813 2840 847 2913 6,
871 2841 891 2905 3
915 2841 980 2923 (eir.
1004 2841 1030 2905 Λ
1052 2840 1140 2923 637),
1172 2840 1344 2919 ἀτραπιτός
1366 2839 1401 2912 4,
1427 2840 1444 2901 1
1469 2839 1536 2919 (eir.

367 2965 386 3008 ν
411 2941 498 3025 195),
520 2944 668 3023 γωρυτός
691 2943 723 3014 7,
746 2943 766 3007 3
791 2945 855 3025 (eir.
878 2966 904 3023 φ
926 2942 997 3024 54),
1020 2942 1185 3021 πλόκαμος
1208 2941 1237 3012 8,
1260 2939 1281 3003 2
1311 2941 1377 3023 (eir.
1401 2941 1430 3005 Ξ
1455 2939 1536 3023 176),

369 3045 575 3123 ἀναςτενάχω
597 3045 633 3117 5,
657 3045 677 3109 3
700 3049 765 3124 (eir.
782 3046 813 3109 Ψ
827 3044 917 3127 211),
941 3044 1072 3109 κνώςςω
1089 3046 1123 3116 1,
1139 3043 1160 3106 2
1184 3046 1249 3125 (eir.
1267 3048 1285 3108 δ
1300 3042 1384 3124 809),
1400 3044 1537 3124 πέμπειν

369 3169 424 3229 pro
447 3146 651 3227 ἀποπέμπειν
675 3146 710 3218 7,
733 3146 753 3208 6
778 3147 841 3227 (eir.
866 3166 884 3210 o
908 3146 959 3209 74.
983 3146 1009 3210 Ω
1031 3145 1110 3218 430,
1140 3165 1215 3228 ηοω
1237 3147 1320 3208 locos
1340 3149 1398 3210 iam
1422 3146 1539 3209 Saalins

370 3271 400 3330 p.
423 3248 464 3313 83
487 3249 651 3329 indicavit).
689 3247 858 3330 οὐράνιος,
882 3249 961 3330 quod
984 3249 1084 3329 lrymn.
1109 3249 1174 3311 Cer.
1197 3246 1240 3311 55
1261 3250 1385 3331 proprie
1407 3250 1538 3329 positum

370 3361 431 3413 est:
454 3351 501 3415 τίς
523 3355 608 3415 θεῶν
631 3348 815 3427 οὐρανίων,
837 3352 978 3412 translate
1002 3352 1038 3413 de
1060 3358 1215 3413 venustate
1238 3353 1407 3432 usurpavit:
1441 3347 1539 3427 οὐρα-

370 3453 421 3530 νίη
444 3452 536 3532 χάρις
559 3450 594 3523 3,
617 3450 652 3524 6;
676 3449 862 3534 ἀκηράςιος,
887 3454 966 3533 quod
989 3474 999 3516 ι
1021 3449 1084 3515 205
1105 3451 1204 3531 ἡδύν,
1233 3451 1422 3534 ἀκηράςιον,
1450 3453 1539 3515 θεῖον

370 3553 474 3618 ποτόν
505 3555 541 3616 de
569 3557 653 3626 vino,
686 3555 786 3635 hymn.
820 3555 911 3616 Mero.
941 3553 982 3616 72
1015 3553 1201 3634 βοςκόμεναι
1234 3556 1392 3632 λειμῶνας
1421 3553 1539 3632 ἀκηρα-

372 3655 458 3721 ςίους
485 3657 522 3718 de
550 3660 645 3736 pratis
672 3657 801 3737 dieitur,
834 3676 890 3737 per
918 3659 1122 3738 metaphoram
1150 3658 1283 3718 traduxit
1310 3657 1346 3717 ad
1374 3658 1540 3718 iuventutis

371 3760 475 3820 florem
498 3756 532 3830 3,
555 3757 577 3820 4
603 3759 704 3835 γυίων
726 3756 825 3823 ἄνθος
853 3755 1041 3841 ἀκηράςιον,
1069 3768 1100 3819 et
1120 3760 1177 3821 ίιοε
1199 3763 1297 3840 ipsum
1318 3755 1418 3834 γυίων
1440 3755 1540 3822 ἄνθος

373 3864 487 3924 dietum
516 3869 562 3923 est
589 3863 624 3923 ad
654 3861 882 3925 similitudinem
905 3861 1056 3922 Homerici
1085 3859 1164 3940 ἥβης
1192 3858 1291 3925 ἄνθος
1314 3858 1339 3922 Ν
1363 3857 1437 3921 484.
1481 3856 1536 3923 ἄν·

372 3970 430 4029 θεα
450 3962 573 4043 εἰαρινά
591 3960 626 4035 2,
649 3962 671 4024 4
692 3965 862 4043 reperimus
889 3964 979 4025 etiam
1002 3963 1025 4026 Β
1049 3960 1104 4034 89,
1129 3972 1159 4024 et
1179 3962 1231 4025 ταὶ
1253 3961 1384 4039 λιπαραὶ
1407 3959 1539 4039 Χάριτες

371 4061 408 4141 4,
431 4065 452 4130 2
475 4070 624 4148 originem
648 4066 759 4127 ducere
774 4065 893 4127 videtur
915 4083 952 4126 ex
975 4063 997 4128 C
1018 4062 1082 4127 382
1110 4062 1207 4142 Χάρις
1230 4063 1539 4143 λιπαροκρήδεμνος·

373 4188 498 4252 prorsus
521 4190 591 4231 vero
614 4169 744 4229 Homero
766 4166 893 4229 debetur
915 4164 1017 4245 ἀγαθὴ
1041 4163 1267 4244 κουροτρόφος
1288 4162 1318 4241 2,
1345 4166 1366 4247 1,
1386 4166 1423 4227 de
1446 4164 1540 4226 Troe·

374 4293 446 4335 zeue
470 4273 597 4341 dictum,
623 4266 789 4341 ο1ι.ι27;
818 4272 907 4331 etiam
936 4267 1183 4349 θαλαμηπόλος,
1212 4287 1270 4349 qua
1292 4286 1364 4329 voce
1387 4264 1422 4339 8,
1454 4266 1470 4327 1
1494 4285 1540 4327 sa·
1652 4312 1653 4343 ,

375 4371 526 4436 eardolem
557 4371 682 4452 Cybeles
710 4372 870 4479 signifieat³
902 4372 1023 4452 repetiit
1051 4389 1087 4432 ex
1115 4367 1185 4448 η8.
1218 4364 1345 4447 ψ293,
1374 4368 1423 4430 ubi
1451 4387 1541 4430 sensu
