3342 5220
887 413 1039 510 go*

379 603 567 664 lectiones
602 605 684 667 eius
717 600 922 669 editionis,
957 604 1092 681 quaein
1121 601 1243 665 scholiis
1271 610 1404 674 exstant,
1442 605 1483 665 ita
1511 607 1545 664 in

380 722 535 766 examen
559 702 747 765 vocandae
770 712 869 773 sunt,
898 710 931 764 ut
952 722 1027 784 quas
1049 722 1153 767 causas
1176 704 1226 765 ille
1248 705 1383 766 mutandi
1406 704 1546 766 habuerit

380 805 504 885 etquid
527 812 609 867 recte
632 806 739 885 quidve
768 805 843 866 salso
865 807 1038 875 mutaverit,
1068 808 1247 885 investigare
1269 825 1425 868 conemur.
1473 807 1547 869 Sunt

379 915 478 969 autem
503 925 563 968 non
586 907 652 987 plus
675 908 871 988 quadraginta
894 906 1041 987 quinque,
1065 926 1137 987 quas
1159 910 1262 986 paucis
1278 910 1413 988 exceptis
1423 904 1460 987 22)
1486 927 1545 969 om·

383 1028 438 1086 nes
460 1007 605 1071 debemus
626 1008 746 1089 Didymi
774 1007 859 1069 libris
881 1009 917 1069 de
940 1008 1106 1070 Aristarchi
1134 1011 1310 1071 recensione
1332 1010 1495 1072 Homerica
1518 1020 1546 1071 et

318 1140 321 1147 ⁴
379 1113 602 1172 commentariis
625 1104 848 1190 Homericis.²³)

463 1213 558 1293 Atque
580 1212 629 1273 hic
651 1211 770 1293 quidem
793 1212 867 1274 ordo
890 1212 1075 1282 servabitur,
1100 1221 1133 1274 ut
1154 1215 1284 1294 primurn
1300 1209 1462 1291 &berhtric
1484 1216 1505 1274 i.
1520 1233 1545 1278 e.

377 1332 482 1376 versus
504 1333 520 1395 a
542 1314 659 1375 libiano
681 1314 785 1384 eiecti,
809 1313 916 1377 deinde
940 1313 1084 1376 lectiones
1111 1333 1148 1376 ex
1176 1316 1301 1377 vetustis
1324 1315 1545 1395 exemplaribus

379 1424 550 1496 susceptae,
575 1416 704 1496 denique
727 1416 837 1477 Rhiani
860 1418 1051 1477 coniecturae
1074 1424 1320 1497 percenseantur.

951 1585 980 1646 1.

464 1721 575 1784 Notum
604 1719 700 1803 estu)
730 1722 913 1787 Zenodotum
942 1725 1071 1801 primum
1100 1721 1179 1783 obeli
1207 1725 1293 1802 signo
1322 1726 1432 1786 critico
1461 1741 1544 1786 usum

379 1842 460 1891 esse,
483 1831 517 1884 ut
532 1843 636 1885 versus
651 1825 768 1904 spurios
791 1826 852 1885 sive
873 1824 1054 1887 subditicios
1069 1820 1295 1903 (ἀθεταύμενα,
1318 1824 1544 1905 νενοθευμένα,

378 1922 631 2005 ὑποβεβλημένα)
655 1926 750 1987 videri
773 1925 954 1996 declararem
977 1926 1051 1987 alios
1073 1933 1133 1987 tam
1149 1926 1287 2005 indignos
1303 1927 1410 1989 habuit
1425 1929 1545 1989 Homeri

300 2012 306 2022 ’
380 2028 502 2105 ingenio
525 2027 570 2087 vel
593 2035 652 2089 tam
667 2029 782 2090 alienos
804 2028 1051 2089 asententiarum
1073 2046 1167 2098 nexu,
1191 2035 1284 2089 utne
1307 2032 1461 2109 reciperet
1482 2030 1544 2109 qni·

379 2128 447 2189 dem
471 2130 502 2189 in
525 2129 729 2191 recensionem
757 2147 858 2199 suam,
887 2129 924 2190 de
947 2128 1056 2206 quibus
1079 2128 1256 2190 scholiastae
1285 2130 1429 2191 adnotare
1454 2131 1545 2192 solent

380 2227 458 2293 οὐδὲ
489 2227 643 2307 ἔγραφεν.
688 2230 750 2292 lam
779 2231 888 2292 Rhiani
921 2232 981 2291 nisi
1012 2236 1074 2290 tres
1104 2231 1300 2292 atheteses
1331 2249 1391 2293 non
1419 2232 1543 2294 traditae

378 2338 466 2401 sunt,
504 2349 630 2410 cumque
668 2334 699 2392 in
738 2332 862 2395 scholiis
898 2333 945 2393 his
982 2331 1118 2393 versibus
1156 2334 1320 2413 ascriptum
1357 2335 1397 2394 sit
1435 2331 1472 2396 ἐν
1507 2337 1542 2415 τι)

379 2429 508 2496 Ῥιανοῦ
543 2429 602 2495 οὐκ
638 2429 716 2510 dtur
749 2433 795 2494 vel
829 2431 889 2497 οὐκ
922 2431 1104 2512 ἐφέροντο,
1142 2434 1323 2497 abstinuisse
1356 2435 1477 2497 videtur
1510 2434 1543 2495 ab

382 2534 463 2595 obeli
486 2553 551 2595 usu.

351 2631 370 2696 l
466 2633 562 2698 (10.
597 2634 646 2699 11.
689 2636 795 2698 Occiso
817 2637 954 2698 Patroclo
980 2638 1156 2699 Antilochus
1189 2638 1225 2699 ad
1253 2638 1399 2699 Achillem
1426 2641 1543 2707 missus,

379 2738 428 2798 cui
451 2736 619 2798 luctuosum
636 2740 774 2801 nuntium
791 2739 905 2809 alienat,
921 2739 1000 2800 hunc
1017 2741 1165 2801 maestitia
1181 2739 1335 2810 afflictum,
1352 2740 1432 2801 mala
1448 2743 1543 2802 animo

379 2840 618 2920 praesagientem
641 2841 771 2901 invenit:
795 2859 865 2902 nam
888 2860 956 2903 cum
979 2840 1106 2902 Achivos
1134 2859 1150 2900 a
1173 2841 1312 2905 Troianis
1339 2843 1478 2922 repulsos
1502 2844 1541 2902 ri-

379 2941 459 3002 derit
481 2948 512 3001 et
533 2942 565 3000 in
594 2941 693 3019 lugam
717 2943 886 3022 coniectos,
916 2942 1019 3004 subito
1046 2945 1076 3002 ei
1104 2944 1135 3003 in
1163 2951 1294 3005 mentem
1321 2947 1403 3005 venit
1432 2962 1541 3013 eorum,

448 3195 492 3260 22)
509 3191 597 3245 Maur.
621 3190 831 3246 Schmidtius
848 3188 961 3261 Didymi
983 3210 1010 3262 p.
1030 3197 1163 3247 116-211
1183 3208 1279 3248 omnes
1295 3193 1429 3249 lectiones
1448 3195 1484 3249 ad
1500 3193 1542 3248 Di-

381 3277 496 3344 dymum
513 3275 600 3330 refert
616 3277 731 3344 praeter
749 3293 767 3330 α
786 3282 843 3330 124.
864 3282 923 3331 297.
943 3279 959 3331 δ
978 3282 1018 3332 12.
1037 3282 1093 3334 158.
1114 3283 1176 3344 702,
1195 3288 1268 3347 quae
1287 3294 1349 3332 cum
1367 3295 1385 3332 a
1402 3278 1541 3332 Dindorfio

279 3404 284 3412 s
381 3360 493 3414 demum
509 3358 617 3430 publici
632 3358 701 3412 iuris
719 3361 810 3415 factae
828 3360 896 3427 sint
914 3361 940 3415 ei
957 3360 1082 3416 nondum
1098 3361 1252 3417 innotuisse
1270 3362 1408 3418 videntur.

447 3447 490 3510 23)
514 3443 591 3499 Haeo
616 3442 744 3514 paucitas
771 3444 922 3500 lectionum
947 3446 1103 3516 explicatur
1128 3446 1172 3501 his
1197 3447 1290 3502 verbis
1315 3447 1356 3502 La
1376 3447 1477 3503 Rocbii
1492 3448 1509 3501 l
1526 3446 1542 3499 l.

379 3547 406 3599 p.
427 3534 459 3582 58
477 3545 530 3597 sq.:
561 3528 708 3598 ‘Didymus
730 3529 835 3584 kanuto
859 3529 935 3586 diese
953 3530 1104 3600 Ausgaben
1121 3550 1174 3586 nur
1191 3549 1241 3586 aris
1264 3531 1319 3586 den
1341 3531 1480 3588 Schriften
1498 3532 1543 3585 des

379 3611 523 3668 Aristareh
541 3613 599 3666 und
616 3613 666 3668 der
683 3612 803 3683 iibrigen
820 3613 928 3670 biberen
946 3615 1159 3685 Alexandriam,
1185 3617 1273 3672 daher
1291 3634 1321 3672 er
1338 3617 1398 3672 sich
1415 3617 1487 3672 auch
1505 3616 1543 3670 on

379 3698 443 3753 sehr
454 3696 637 3752 unbestimmt
654 3697 818 3766 ausdrriclm,
835 3698 887 3753 wie
905 3701 987 3768 ἔνιοι,
1006 3703 1094 3768 τινές,
1114 3703 1207 3768 ἄλλοι,
1226 3703 1397 3770 χαριέιτεραι
1420 3720 1446 3756 ιι.
1464 3719 1484 3756 s.
1501 3718 1542 3766 w.‚

379 3800 460 3838 wenn
486 3780 533 3836 bei
559 3781 654 3836 diesen
680 3782 725 3838 die
744 3781 859 3848 Quellen
880 3783 957 3837 nicht
974 3783 1118 3839 bestimmt
1136 3785 1301 3855 angegeben
1322 3796 1424 3840 waren.
1459 3786 1541 3840 Wbre

379 3867 524 3922 Aristarch
541 3867 593 3921 mit
611 3867 661 3922 der
679 3867 866 3937 Genauigheit
888 3886 921 3922 zu
938 3868 1043 3924 Werke
1061 3886 1223 3939 gegangen‚
1247 3870 1300 3923 mit
1322 3870 1372 3925 der
1394 3887 1460 3925 man
1476 3869 1541 3924 heut

380 3971 413 4007 au
431 3952 509 4022 Tage
527 3969 561 4005 zu
578 3951 728 4006 verfahren
746 3952 846 4021 pflegt,
865 3967 895 4006 so
912 3955 1034 4009 wrissten
1051 3954 1102 4008 wir
1120 3953 1233 4024 gessise,
1257 3972 1314 4009 was
1337 3972 1373 4010 an
1387 3955 1470 4024 jeder
1486 3954 1540 4007 ein·

380 4039 477 4092 zelnen
496 4035 581 4090 Stelle
607 4036 636 4090 in
663 4036 717 4091 den
733 4037 885 4107 Ausgaben
908 4053 963 4091 von
980 4038 1117 4106 Massilia,
1141 4039 1224 4094 Chios
1248 4040 1316 4094 oder
1337 4039 1367 4093 in
1386 4040 1476 4095 denen
1494 4038 1539 4091 des

381 4122 516 4188 Rhianus‚
535 4120 661 4175 Zenodot
677 4121 735 4175 und
751 4120 952 4192 Aristophanes
969 4123 1126 4192 gastandan
1143 4125 1206 4191 hat,
1231 4143 1262 4179 so
1280 4125 1347 4180 aher
1366 4124 1429 4195 gibt
1446 4141 1476 4180 er
1491 4122 1541 4176 mit

380 4205 506 4261 seltenen
522 4205 700 4261 Ausnahmen
722 4207 784 4261 blos
806 4206 843 4263 da
865 4224 957 4277 genau
983 4206 1028 4262 die
1046 4206 1162 4272 Quellen
1185 4226 1233 4275 an,
1259 4226 1303 4263 wo
1327 4226 1358 4264 er
1378 4200 1431 4263 mit
1453 4208 1540 4263 einem

382 4289 463 4345 'I'heil
480 4290 529 4345 der
546 4289 697 4361 Ausgaben
713 4291 792 4347 nieht
807 4292 1057 4348 iibereinstimmt.’>

448 4380 492 4441 24)
512 4375 567 4430 cfr.
585 4376 741 4432 Beccardus
756 4377 775 4431 l.
793 4377 811 4430 l.
830 4395 858 4449 p.
876 4384 916 4435 49.
936 4378 977 4431 La
993 4377 1114 4433 Rochius
1131 4378 1149 4432 l.
1166 4380 1183 4433 l.
1203 4397 1230 4451 p.
1249 4384 1290 4437 60.
