3312 5226
640 404 792 505 *μᾷ

142 602 337 661 accusativum
366 618 478 679 ponere
507 598 634 669 licebat,
666 599 798 659 dativum
827 607 925 659 tamen
948 601 1062 678 posuit,
1097 618 1134 659 ne
1158 586 1302 661 orationis

141 701 360 779 ambiguitatem
389 702 571 763 admitteret.
621 703 662 762 Ac
690 701 868 762 Rhiaueam-
887 701 1046 762 lectionem
1076 704 1101 762 si
1130 721 1189 762 non
1218 704 1300 763 coni·

139 804 239 864 ciendo
261 806 379 883 posita,
403 804 455 864 scol
478 806 608 881 genuina
625 810 718 873 esset,
742 821 801 863 non
823 801 1010 864 abiciendam
1033 822 1099 864 esse
1122 821 1190 865 cum
1212 822 1301 865 versu

138 904 220 966 modo
244 907 412 984 significato
434 913 497 966 tum
521 905 665 984 exemplis
687 905 735 965 his
757 905 942 965 aNitzschio
964 905 984 965 l.
1000 905 1020 964 l.
1043 903 1169 982 prolatis
1191 904 1223 968 Μ
1237 902 1301 965 412

138 1004 296 1083 ἀργαλέον
319 1005 355 1071 δέ
378 1005 432 1085 μοί
454 1005 533 1087 cca,
561 1006 626 1070 uui.
641 1005 760 1087 ἰφθίμῳ
783 1024 844 1082 περ
866 1004 966 1081 έύντι,
996 1004 1107 1087 μούνῳ
1135 1003 1301 1090 ῥηξαμένῳ

138 1106 237 1171 θέιθαι
259 1109 349 1186 παρὰ
370 1107 459 1186 νηοιὶ
481 1107 635 1171 κέλευθον
659 1109 725 1188 (cir.
748 1106 776 1169 Υ
799 1104 872 1188 356)
896 1116 927 1168 et
950 1106 973 1168 Ρ
994 1105 1058 1170 252
1080 1106 1242 1185 ἀργαλέον
1265 1107 1301 1171 δέ

138 1208 186 1285 μοί
207 1208 270 1272 έετι
293 1212 529 1274 ύιατκοπιάτθαι
552 1208 684 1273 έκαττον
707 1207 875 1285 ἡγεμόνων
899 1217 929 1269 et
956 1212 1008 1280 iis,
1039 1229 1114 1290 quae
1143 1211 1301 1271 classenm

138 1311 225 1372 Beoh.
249 1321 309 1373 cet.
333 1331 363 1390 p.
390 1308 449 1373 141
473 1312 608 1390 collegit,
633 1312 805 1390 planissime
829 1313 988 1372 evincitur.

33 1398 34 1401 ¹
215 1432 235 1487 γ
262 1411 332 1474 178.
376 1414 484 1474 Nestor
517 1414 553 1473 dc
587 1414 766 1473 Achivorum
800 1414 831 1473 iu
853 1412 1009 1473 Graeciam
1043 1415 1143 1474 reditu
1175 1409 1349 1476 narrans27

138 1516 265 1576 secundo
288 1524 375 1577 vento
397 1517 456 1576 iter
479 1515 675 1575 acceleratum
699 1533 764 1575 esse
788 1514 878 1574 dicit:
898 1592 902 1597 Ι

259 1615 346 1694 ιάρτο
369 1614 404 1680 δ’
426 1616 477 1679 ἐπὶ
500 1615 588 1690 λιγὺ(
611 1612 710 1692 οὖροι
732 1612 880 1693 ἀήμεναι·
903 1613 934 1677 αἱ
956 1616 992 1678 δὲ
1014 1614 1092 1694 μά).>
1115 1615 1183 1679 ιύκα

259 1716 428 1795 ἰχθυόεντα
451 1717 595 1783 κέλευθα·
608 1715 794 1794 διέδραμον·
816 1715 849 1779 ἐι
871 1716 907 1780 δὲ
931 1716 1095 1793 Γεραιττόν

32 1826 33 1829 ’
144 1839 151 1847 ·
177 1818 234 1883 178
258 1818 442 1897 ἐννύχιαι
464 1818 660 1894 κατάγοντο·
683 1817 888 1882 Ποιειύάιυνι
910 1818 945 1883 δέ
967 1818 1095 1898 ταύρων
1134 1850 1142 1864 ·

258 1920 360 1984 πόλλ’
382 1919 434 1984 ἐπὶ
455 1920 533 1999 μῆρ’
554 1919 682 2001 ἔθεμεν,
704 1919 847 1995 πέλαγοτ
870 1919 950 1998 μέγα
972 1921 1191 1999 μετρήταντετ.

31 2042 32 2069 1
136 2022 229 2084 Schol.
254 2021 450 2100 ἐννύχιαι·
473 2021 506 2085 αἱ
521 2021 649 2089 Ῥιανοῦ
664 2020 843 2101 γράφουιιν
859 2020 1054 2100 ἐννύχιοι.
1078 2025 1112 2086 H.
1129 2025 1299 2086 Nitzschius

135 2124 154 2184 l.
176 2126 193 2185 l.
217 2126 230 2186 l
254 2146 283 2204 p.
310 2121 368 2185 167
392 2125 541 2185 Rhianum
567 2127 609 2186 ita
637 2126 794 2204 scripsisse
822 2127 1004 2203 suspicatur,
1034 2144 1092 2186 non
1121 2146 1180 2206 quo
1208 2123 1300 2189 ἐννύ-

136 2243 195 2302 χιοι
217 2228 346 2288 sormam
370 2244 556 2287 communem
580 2246 645 2287 esse
667 2226 959 2295 arlaitraretur,'sed
982 2229 1053 2306 quia
1076 2246 1216 2289 versuum
1238 2247 1300 2288 rue·

30 2330 32 2351 ³
136 2331 285 2397 uicisset,
309 2330 340 2388 in
363 2327 474 2407 quibus
487 2335 610 2398 nautae,
634 2335 667 2387 ut
687 2347 707 2402 γ
732 2326 772 2388 10
794 2325 825 2390 οἱ
846 2326 880 2388 δ’
902 2325 969 2389 ἰθύ(
985 2327 1181 2409 κατάγοντο,
1205 2327 1300 2391 τ202

136 2430 183 2492 τοὶ
203 2429 239 2493 δ’
261 2428 443 2512 ἀνάγοντο,
477 2449 537 2491 non
559 2448 664 2499 naves,
695 2438 728 2490 ut
748 2448 773 2491 π
795 2426 858 2490 322
885 2426 905 2504 ἡ
934 2426 968 2490 δ’
1001 2426 1057 2505 ἀρ’
1090 2427 1192 2492 ἔπειτ’
1223 2428 1299 2492 Ἰθά-

136 2535 229 2608 κηνδε
262 2530 416 2609 κατήγετο
451 2533 529 2608 νηύτ
560 2528 707 2609 εάεργήτ,
743 2529 893 2611 appellere
925 2530 1108 2592 dicerentur.
1160 2534 1196 2593 m
1226 2532 1299 2593 haec

136 2652 191 2712 quo
212 2634 301 2694 modo
328 2634 416 2694 homo
438 2633 629 2693 doctissimus
651 2634 847 2711 pronuntiare
875 2634 1022 2710 potuerit,
1052 2632 1172 2694 difficile
1195 2635 1299 2695 estad

29 2738 31 2759 ³
135 2736 376 2813 intellegendum.
421 2735 497 2797 Nam
519 2732 660 2811 ἐννύχιοι
682 2735 739 2794 hoc
762 2735 827 2797 loco
850 2740 900 2795 aut
915 2735 1071 2795 masculini
1095 2745 1145 2797 aut
1160 2738 1299 2797 feminini

29 2920 30 2923 Ἴ
135 2840 254 2914 generis
282 2855 346 2898 esse
369 2844 500 2898 statuere
529 2836 633 2898 debuil
659 2835 803 2897 Rhianus.
848 2835 983 2896 Tertium
1011 2855 1071 2898 non
1099 2838 1197 2899 datur.
1241 2838 1300 2898 Pro

30 2924 31 2927 ¹
135 2940 298 3000 masculino
321 2946 419 3000 autem
442 2940 579 3015 accipere
603 2938 683 2999 nullo
707 2937 793 2999 modo
816 2938 925 3016 potuit,
950 2955 1016 2997 cum
1038 2936 1217 3012 κατάγοντο
1240 2942 1298 2999 nisi

136 3041 169 3101 ad
192 3059 284 3101 naves
307 3038 353 3117 (ul
376 3039 411 3102 δὲ
433 3038 510 3116 μάλ’
539 3037 607 3102 ιύιια
630 3044 698 3119 cet.)
721 3040 830 3105 referri
858 3056 916 3098 non
944 3055 1032 3117 posse
1055 3058 1090 3099 ex
1115 3059 1151 3101 eo
1174 3059 1298 3120 appare-

136 3150 198 3217 ret,
222 3141 302 3221 quod
326 3141 433 3202 Nestor
455 3145 486 3201 in
510 3144 605 3220 ipsius
627 3144 698 3203 latis
720 3140 897 3202 enarrandis
919 3139 1030 3219 ubique
1053 3142 1149 3220 prima
1171 3161 1298 3221 persona

135 3226 244 3312 utitur,
273 3242 364 3303 veluti
395 3245 535 3304 inversu
560 3244 728 3323 insequenti
751 3241 863 3320 ἔθεμεν
887 3242 976 3312 dicit,
1005 3244 1047 3303 ita
1077 3251 1111 3304 ut
1138 3246 1163 3303 si
1192 3254 1299 3305 nautae

29 3402 31 3407 .
135 3347 359 3423 cogitarentur,
397 3342 597 3421 καταγόμεθα
636 3344 794 3406 dicendum
833 3346 935 3405 luerit.
985 3343 1065 3422 Ergo
1097 3345 1169 3424 quid
1206 3353 1300 3407 restat

135 3447 230 3516 aliud,
261 3464 349 3525 quam
378 3454 410 3506 ut
442 3446 588 3506 Rhianum
617 3454 757 3525 polemus
790 3448 933 3507 reiecisse
968 3447 1144 3507 insolentem
1172 3447 1299 3509 formam

135 3549 309 3609 femininam
332 3543 479 3623 ἐννυχίη1
502 3545 582 3617 Quae
606 3548 686 3608 nullo
708 3555 863 3626 praeterea
886 3549 963 3627 apud
984 3546 1144 3609 Homerum
1167 3549 1232 3610 loco
1255 3553 1301 3611 in·

135 3652 269 3718 venitur,
294 3667 361 3710 nam
384 3646 409 3711 Λ
431 3645 494 3710 683
515 3645 696 3724 proconeso
712 3694 719 3709 .
737 3696 744 3711 .
760 3646 902 3724 ἐννύχιοι
929 3649 1024 3726 προτὶ
1051 3647 1128 3713 ἄττα
1156 3659 1186 3711 et
1209 3649 1237 3712 Φ
1258 3649 1299 3712 37

135 3749 284 3828 ἐννύχιοι
306 3748 490 3828 προμολών,
507 3748 555 3829 (de
571 3750 683 3811 Achille
706 3752 814 3829 agitur)
836 3750 1031 3811 masculinum
1054 3768 1148 3829 genus
1170 3755 1300 3830 positum

136 3862 190 3914 est.
236 3853 337 3915 Noluit
364 3854 457 3929 igitur
490 3852 545 3913 hac
574 3853 670 3912 forma
698 3853 872 3932 amplificari
900 3871 1057 3913 numerum
1086 3854 1299 3914 adiectivorum

29 3968 31 3989 ³
136 3955 385 4034 compositorum,
420 3972 495 4032 quae
524 3953 602 4033 apud
625 3954 787 4015 Homerum
809 3956 993 4034 peculiarem
1023 3954 1134 4016 habeut
1161 3956 1300 4015 feminini

137 4059 258 4136 generis
286 4058 544 4116 terminationem:
574 4056 610 4116 de
640 4055 749 4135 quihus
776 4057 844 4117 virle
872 4057 1021 4133 llruegeri
1051 4073 1175 4133 gramm.
1205 4073 1250 4132 gr.
1274 4055 1300 4116 ll

137 4157 161 4238 3
182 4155 236 4229 22,
258 4155 289 4227 3,
312 4154 343 4217 2.
388 4156 473 4228 Quod
496 4177 567 4218 num
588 4164 670 4217 recte
694 4157 812 4225 lecerit,
837 4157 947 4235 ambigi
971 4165 1083 4236 potest:
1107 4156 1163 4217 hoc
1186 4165 1300 4217 certum

138 4264 263 4322 ostiam
292 4260 398 4340 primis
425 4269 493 4340 post
515 4261 677 4321 Homerum
705 4259 890 4338 temporibus
919 4265 1035 4319 veteres
1062 4277 1121 4318 non
1149 4260 1299 4338 putavisse

138 4361 192 4424 hoc
215 4364 392 4424 femininum
416 4363 618 4441 respuendum
641 4379 722 4431 esse,
751 4363 837 4422 cuius
863 4362 910 4421 rei
933 4360 1067 4441 exempla
1090 4367 1206 4422 exstant
1228 4364 1299 4424 satis
