3312 5226
944 404 987 473 ort

891 501 1042 508 -——-——-

386 589 421 663 έν
444 597 479 661 δὲ
498 590 680 676 ’ῥυηφενίην
695 595 808 677 έβαλές
824 617 942 679 ςφιςιν,
967 597 1002 661 έν
1025 597 1059 661 δ’
1073 595 1143 660 ἅλις
1159 594 1260 675 ὄλβου
1285 605 1315 658 et
1330 597 1418 657 llion,
1433 596 1547 676 Perieg.

385 697 445 761 337
476 696 668 778 ῥυηφενέων
700 699 803 764 πέδον
838 699 977 777 ἀνδρῶν.
1030 699 1226 760 lloederlinus
1254 699 1343 777 gloss,
1372 699 1412 759 Ill
1439 717 1467 777 p.
1492 696 1549 760 166

386 819 415 860 n.
431 797 516 862 2192
530 802 588 861 huc
611 802 705 863 trahit
726 804 815 863 etiam
838 800 1049 881 ὑπεράφανος
1071 801 1147 878 apud
1164 801 1328 862 Pindarum
1343 801 1430 881 Pyth.
1447 800 1483 871 II,
1498 797 1549 869 52,

387 903 465 963 unde
488 900 710 982 ὑπερηφανεῖν
733 905 898 965 derivatum
926 910 986 975 est,
1015 921 1192 983 quamquam
1223 904 1279 964 hoc
1301 902 1478 963 vocabulum
1500 902 1549 963 alii

386 1004 474 1065 aliter
496 1005 661 1082 explicant:
684 1007 740 1066 cir.
763 1006 797 1066 G.
822 1007 942 1068 Curtius
965 1013 1054 1085 etym.
1077 1021 1122 1081 gr.
1145 1023 1175 1081 p.
1198 1001 1272 1065 261.
1296 1004 1481 1082 hoedigerus
1496 1004 1515 1064 l.
1532 1004 1550 1063 Ι.

385 1124 414 1184 p.
438 1104 490 1169 m.
513 1103 565 1168 sa.

337 1187 379 1251 14
472 1210 490 1270 δ
515 1205 564 1268 12.
594 1208 762 1270 Narrantur
784 1208 910 1270 Menelai
933 1215 962 1269 et
984 1209 1039 1269 filii
1061 1215 1091 1268 et
1112 1209 1190 1269 filiae
1214 1210 1336 1290 nuptiae
1358 1209 1509 1286 duplices:

429 1307 469 1371 10
511 1308 571 1372 υἱέι
593 1308 629 1372 δὲ
652 1307 834 1387 cauponem
857 1309 1044 1387 Ἀλέκτορος
1065 1307 1161 1385 ἤγετο
1184 1307 1322 1388 κούρην,

513 1409 550 1473 ὅς
573 1409 604 1473 οἱ
626 1409 799 1487 τηλύγετος
820 1410 933 1486 γένετο
957 1410 1112 1497 κρατερὸς
1135 1410 1350 1487 Μεγαπένθης
1396 1463 1400 1469 .

513 1511 547 1575 ἐκ
570 1511 703 1589 δούλης·
726 1510 834 1596 Ἑλένῃ
858 1513 893 1576 δέ
915 1510 985 1575 θεοὶ
1005 1512 1106 1588 γόνον
1130 1510 1240 1575 οὐκέτ’
1262 1509 1417 1592 έφαινον,
1535 1566 1539 1569 ,

512 1613 582 1676 ἐπεὶ
604 1615 643 1691 δὴ
665 1613 703 1677 τὸ
726 1617 859 1692 πρῶτον
882 1612 1028 1688 ἐγείνατο
1043 1613 1137 1677 παῖδ’
1159 1613 1342 1694 ἐρατεινήν,

511 1713 694 1794 Ἑρμιόνην,
723 1715 743 1791 ἣ
767 1712 853 1780 εἶδος
876 1714 929 1792 ἔχε
951 1714 1084 1793 χρνςέης
1105 1714 1306 1794 Ἀφροδίτης.

385 1818 484 1879 Schol.
508 1815 659 1899 Ἑλένῃ·
688 1815 722 1880 έν
749 1823 788 1898 τῇ
815 1816 895 1880 κατὰ
916 1815 1044 1880 Ῥιανδν
1072 1816 1122 1879 καὶ
1145 1814 1375 1895 Ἀριςτοφὰνην
1398 1815 1554 1894 Ἑλένη(

385 1917 441 1982 ςὺν
468 1923 515 2000 τῷ
538 1938 561 1981 ς.
585 1919 623 1979 Μ.
647 1920 683 1978 Vt
699 1925 865 1980 structurae
887 1919 1048 1986 verborum
1071 1919 1138 1998 plus
1159 1920 1371 1979 concinnitatis
1386 1919 1555 1980 vindicaret

386 2028 417 2080 et
439 2023 576 2099 opposita
608 2023 689 2081 inter
711 2039 743 2081 se
772 2024 938 2082 sententiae
962 2020 1097 2082 membra
1129 2021 1226 2097 magis
1249 2019 1385 2088 efferret,
1419 2021 1555 2082 Rhiauus

385 2123 484 2182 dativo
506 2123 625 2183 videtur
647 2122 814 2200 genetivum
838 2122 1039 2201 praetulisse„
1054 2124 1104 2201 qui
1128 2130 1179 2181 aut
1202 2118 1236 2182 ἐκ
1251 2120 1462 2197 παραλλήλου
1486 2139 1554 2181 cum
1598 2174 1610 2195 γ

385 2222 420 2285 έκ
442 2222 561 2299 δούλης
589 2225 717 2301 positum
746 2225 999 2302 praepositionem
1030 2221 1065 2286 έκ
1086 2225 1216 2302 requirit
1238 2225 1417 2301 cogitatione
1440 2223 1554 2302 repeti·

385 2333 445 2385 tam
468 2332 518 2389 aut
541 2345 557 2386 a
579 2322 681 2400 γόνον
704 2325 835 2403 pendere
859 2325 1035 2403 cogitandus
1057 2310 1111 2385 est.
1141 2325 1214 2384 Mihi
1236 2326 1321 2402 prior
1342 2325 1556 2401 interpretatio

385 2429 481 2505 magis
504 2427 632 2496 arridet,
668 2445 725 2505 qua
754 2428 802 2496 fit,
837 2434 870 2486 ut
903 2433 1063 2505 utrumque
1090 2424 1258 2486 membrum
1286 2427 1463 2486 simillimam
1489 2443 1555 2485 rer·

386 2528 492 2588 horum
517 2530 785 2589 conformationem
807 2527 925 2590 haheat.
971 2528 1129 2588 Praeterea
1158 2546 1228 2587 vero
1250 2527 1336 2589 verbi
1358 2525 1488 2606 φαίνειν
1512 2530 1559 2588 vis

386 2649 420 2690 ac
443 2636 575 2707 poteslas
597 2648 655 2689 non
679 2637 725 2689 est
746 2629 842 2689 ‘dare'
866 2631 927 2689 sive
951 2629 1096 2698 ‘donare’,
1125 2629 1177 2689 sed
1200 2632 1242 2688 ‘in
1266 2629 1362 2690 lucem
1385 2629 1501 2703 edere',
1525 2638 1559 2689 ut

388 2733 535 2791 sententia
558 2730 683 2810 prodeat
706 2732 859 2810 aptissima
893 2730 982 2790 hacc:
1006 2730 1153 2790 ‘Menelao
1172 2730 1221 2790 dei
1244 2749 1280 2791 ex
1303 2729 1414 2791 llelena
1437 2731 1558 2807 prolem

388 2851 447 2893 non
470 2833 599 2912 amplius
621 2833 652 2892 iu
675 2832 771 2892 lucem
794 2832 976 2900 ediderunt',
997 2849 1065 2891 nam
1089 2833 1119 2892 in
1135 2839 1270 2892 veterum
1286 2832 1440 2893 homiuum
1464 2834 1558 2894 mori-

389 2935 444 2996 bus
467 2936 556 2995 situm
580 2941 660 3004 erat,
689 2942 723 2995 ul
749 2934 842 3011 patris
869 2936 1059 3012 potissimum
1086 2931 1176 2994 liberi
1199 2952 1264 2994 esse
1287 2936 1426 3014 patrique
1449 2954 1466 2995 a
1492 2935 1560 2996 deis

387 3037 448 3096 dati
462 3054 527 3097 esse
539 3035 722 3096 dicerentur.
730 3031 766 3113 ³⁶)
790 3036 929 3097 Ceterum
942 3053 978 3094 ne
991 3035 1061 3114 quid
1074 3037 1330 3112 praetermittatur
1345 3035 1425 3114 quod
1436 3035 1560 3096 Rhiano
1579 3051 1581 3055 ’

386 3139 500 3208 faveat,
524 3155 558 3197 ex
582 3136 715 3197 editione
738 3136 779 3196 La
802 3137 905 3197 Rochii
930 3137 1118 3222 adnotemus,
1148 3137 1267 3197 codices
1288 3136 1378 3206 lHL,
1401 3139 1454 3216 qui
1479 3140 1561 3215 opti·

388 3242 445 3299 mis
467 3240 715 3308 adnumerantur,
739 3237 883 3298 exhihere
906 3235 1019 3313 ἑλένης
1041 3246 1071 3298 et
1093 3240 1124 3298 in
1147 3239 1213 3299 eod.
1237 3238 1317 3300 Harl.
1338 3236 1383 3325 Η,
1407 3240 1461 3318 qui
1486 3239 1563 3299 olim

388 3343 521 3402 omniurn
554 3340 827 3417 praestantissimus
854 3339 1047 3409 censebatur,
1078 3338 1172 3417 ἑλένη
1199 3340 1258 3417 legi
1286 3358 1385 3418 supra*
1403 3342 1564 3419 scriptae

387 3443 503 3512 littera,
538 3441 618 3502 unde
640 3447 760 3520 practer
791 3441 1016 3518 Aristophanem
1050 3443 1140 3501 etiam
1173 3440 1239 3501 aliis
1271 3447 1373 3519 postea
1405 3443 1564 3520 placuisse

388 3545 548 3604 lectionem
571 3543 736 3602 Rhianeam
759 3550 890 3619 apparet.

339 3637 382 3704 lo
476 3632 491 3706 ὲ
519 3640 582 3704 296
610 3642 662 3706 καὶ
689 3642 809 3721 Βορέης
836 3642 1136 3725 αἰθρηγενέτης,
1170 3642 1250 3722 μέγα
1277 3648 1358 3723 κῦμα
1385 3645 1565 3709 κυλίνδων.

387 3746 525 3807 Adhunc
547 3763 665 3806 versum
682 3748 813 3821 pertinet
835 3746 982 3806 scholion:
1006 3744 1043 3807 τὸ
1066 3743 1100 3806 δ>
1122 3743 1406 3824 αἰθρηγενέτης
1427 3744 1567 3811 Ῥιανὸς

387 3913 588 3925 ...ῳ-...-

456 4030 499 4096 36)
517 4029 561 4082 Ad
579 4028 651 4083 hanc
669 4029 848 4096 senientiam,
866 4045 951 4097 quam
969 4027 1102 4099 exemplis
1124 4030 1245 4099 probare
1266 4031 1312 4086 vix
1336 4047 1404 4101 opus
1423 4033 1483 4099 eal,
1512 4035 1569 4103 cfr,

393 4113 503 4168 Wexius
516 4113 584 4181 prol.
603 4113 640 4166 ad
652 4112 736 4183 Soph.
750 4114 814 4167 Anl.
833 4131 861 4182 p.
882 4119 928 4168 74:
947 4114 1123 4167 ‘Liberorum
1136 4131 1247 4184 quoque
1265 4117 1356 4170 minor
1372 4116 1454 4169 fuisse
1482 4117 1567 4172 vide-

389 4200 435 4251 tur
452 4198 481 4251 in
498 4196 608 4250 feminis
626 4199 733 4264 graecis
752 4214 842 4264 amor,
860 4198 927 4265 quia
944 4200 1026 4267 paler
1043 4198 1107 4265 hos,
1126 4217 1177 4253 sua
1194 4199 1221 4253 vi
1244 4216 1279 4254 ex
1301 4200 1405 4254 femina,
1421 4202 1570 4269 progeni-

389 4286 446 4347 tos,
464 4284 599 4350 tanquam
617 4282 745 4350 proprios
763 4281 816 4335 sibi
832 4282 1007 4349 vindicabat,
1025 4284 1057 4336 ut
1074 4283 1177 4337 femina
1190 4282 1269 4350 quasi
1281 4300 1360 4338 serva
1378 4284 1571 4353 emancipata

390 4365 450 4418 uiro
469 4365 510 4418 illi
526 4365 580 4417 hoc
597 4365 763 4432 procreandi
780 4367 901 4421 officium
918 4368 1064 4435 praestare
1082 4368 1186 4421 debere
1203 4367 1365 4422 videretur)
