3312 5226
638 393 790 492 *ra-

133 585 243 665 lupiter
266 582 431 646 irahundus
454 582 595 644 lunonem
624 585 660 646 de
684 604 780 664 poena
808 585 959 656 admonet,
989 604 1047 665 qua
1077 604 1142 646 eam
1169 586 1298 666 pedihus

135 686 330 766 manibusque
352 689 480 747 vinctam
504 686 540 747 de
556 686 638 748 caelo
654 705 829 765 suspensam
844 688 966 748 lecerit:
995 685 1031 748 ςὺ
1054 685 1087 749 δ’
1109 685 1145 751 ἐν
1168 685 1297 765 αἰθέρι

133 787 194 851 καί
215 786 429 871 νεφέλῃςιν
451 786 616 869 ἐκρέμω,
639 796 690 849 aut
712 789 816 849 aether
837 788 958 864 nuhilus
980 807 1046 849 esse
1062 788 1173 851 dicitur
1188 798 1239 851 aut
1261 793 1297 853 ad

134 888 359 952 similitudinem
382 890 500 962 Martis,
530 891 581 967 qui
605 887 686 953 ἑπτὰ
708 888 820 967 έπέςχε
847 889 989 967 πέλεθρα
1015 890 1123 954 πεςιίιν
1153 889 1191 968 (Φ
1212 889 1298 971 407),

133 992 252 1054 lunonis
274 998 386 1053 statura
412 999 470 1054 tam
493 994 598 1069 ingens
620 992 757 1070 lingenda
780 1002 841 1062 est,
873 1000 906 1053 ut
929 1011 964 1052 ex
993 993 1115 1053 aethere
1145 1013 1238 1074 usque
1262 996 1297 1056 ad

134 1094 226 1156 nubes
254 1096 417 1175 pertineat;
452 1094 554 1154 eadem
584 1094 647 1155 lere
680 1094 770 1154 verba
804 1094 932 1172 legimus
961 1090 1072 1155 0192
1100 1093 1183 1158 Ζεὺς
1205 1094 1299 1173 ἔλαχ’

135 1193 276 1273 οὐρανὸν
305 1194 403 1273 εὐρὺν
430 1194 466 1258 έν
494 1193 619 1274 αἰθέρι
646 1195 709 1258 καί
736 1193 971 1277 νεφέληςιν,
1002 1196 1081 1276 quod
1109 1198 1235 1258 tortasse
1264 1218 1298 1259 eo

135 1299 311 1378 explicatur,
340 1297 419 1378 quod
448 1317 515 1359 cum
544 1296 640 1358 nubes
668 1298 743 1358 caeli
770 1304 874 1376 portae
903 1299 964 1357 siut
991 1300 1116 1378 eiusque
1145 1305 1297 1377 aspectum

134 1400 296 1470 occultent,
321 1400 493 1460 hominihus
513 1419 631 1461 sursum
647 1400 859 1480 spectantibus
868 1399 981 1461 caelum
1005 1402 1090 1479 quasi
1113 1402 1145 1460 in
1168 1398 1299 1461 nubibus
1407 1425 1413 1436 ·

136 1522 200 1563 esse
224 1502 271 1563 vel
294 1504 394 1581 potius
416 1501 549 1563 nuhihus
571 1502 800 1562 circumclusum
824 1519 890 1561 esse
913 1501 1009 1562 videri
1034 1508 1144 1581 potest;
1174 1509 1204 1562 at
1226 1502 1298 1581 quid

135 1604 224 1664 iacies
239 1604 287 1664 his
308 1603 425 1664 duohus
446 1603 582 1665 versibus
602 1600 680 1667 u54
701 1602 736 1665 ἐν
758 1602 793 1666 δέ
818 1601 972 1680 κυδοιμὸν
995 1598 1077 1678 ὠρςε
1098 1600 1196 1667 κακὸν
1219 1601 1298 1679 Κρο-

135 1704 236 1787 νίδης,
260 1705 340 1768 κατὰ
362 1703 396 1769 δ’
418 1703 543 1783 ὑψόθεν
571 1703 648 1782 ἧκεν
670 1703 779 1781 ἑέρςας
802 1701 907 1782 αἵματι
934 1701 1094 1781 μυδαλέας
1116 1702 1149 1769 ἐξ
1172 1703 1299 1783 αἰθέρος

136 1815 163 1867 et
183 1807 216 1871 Π
237 1804 301 1869 365
335 1805 380 1870 ὡς
412 1805 446 1870 δ’
478 1804 529 1868 ὅτ’
563 1804 624 1869 ἀπ’
652 1805 830 1884 Οὐλύμπου
865 1804 967 1884 νέφος
1000 1803 1126 1883 ἔρχεται
1155 1803 1298 1882 οὐρανὸν

135 1905 206 1972 είςω
234 1906 395 1985 αἰθέρος
418 1906 457 1971 ἐκ
480 1906 580 1990 δίης,
603 1906 658 1971 ὅτε
679 1927 713 1971 τε
735 1907 818 1970 Ζεὺς
840 1906 980 1971 λαίλαπα
1001 1907 1107 1990 τείνῃῗ
1129 1908 1210 1980 Quos
1232 1911 1297 1989 qui

134 2011 199 2072 dem
223 2028 327 2072 versus
349 2012 408 2071 iam
431 2011 622 2071 Aristarchus
649 2011 821 2090 expeditum
849 2014 889 2072 iri
911 2011 1081 2090 desperavit
1104 2018 1135 2071 et
1156 2010 1301 2072 Lehrsius

135 2131 272 2193 umquam
296 2113 326 2172 id
349 2114 414 2173 lieri
437 2130 524 2192 posse
547 2109 718 2191 tregavit.⁵¹)
742 2145 784 2156 -
805 2114 866 2174 lam
890 2132 959 2173 vero
982 2131 1049 2173 cum
1073 2112 1191 2193 Olympi
1213 2131 1300 2174 cacu-

133 2217 229 2284 mina,
253 2217 285 2275 iu
308 2212 417 2294 quihus
439 2213 487 2274 dei
511 2216 723 2294 sempiternam
747 2215 849 2274 sedem
872 2215 1105 2284 collocaverunt,
1129 2214 1226 2276 nubes
1249 2234 1300 2275 ex·

134 2317 242 2377 cedere
266 2318 449 2394 cogitentur,
480 2316 550 2377 deos
572 2335 696 2377 necesse
726 2323 772 2377 est
794 2319 907 2376 versari
930 2319 962 2376 in
984 2313 1099 2393 αἰθέριε
1130 2318 1230 2397 itaque
1253 2316 1300 2377 lu-

133 2420 212 2498 piter
236 2416 271 2479 ἐν
295 2414 395 2494 αἰθέρι
410 2415 510 2480 ναίων
540 2419 570 2478 in
594 2417 736 2497 precibus
758 2416 953 2478 sollemnibus
976 2425 1164 2495 rruucupatur
1188 2414 1299 2480 5412.

133 2519 164 2582 Δ
190 2516 262 2580 166.
287 2536 306 2580 o
328 2515 407 2588 522,
431 2527 460 2580 et
482 2521 719 2599 quotiescunque
743 2519 791 2578 dei
815 2518 851 2578 de
880 2519 961 2581 caelo
988 2521 1153 2579 interram
1176 2517 1300 2579 descen·

134 2624 223 2690 dunt,
248 2640 284 2682 ex
307 2622 429 2682 aethere
452 2622 601 2701 proticisci
624 2619 668 2681 rel
691 2621 813 2681 aethera
836 2639 991 2699 permeare
1015 2620 1173 2681 dicuntur:
1197 2617 1302 2682 0610

33 2782 34 2785 ,
134 2722 231 2786 αὐτὸς
252 2720 314 2799 γάρ
343 2720 373 2784 ol
401 2719 475 2802 (scil.
499 2721 633 2802 Ἕκτορι)
662 2720 728 2784 ἀπ’
755 2720 916 2800 αἰθέρος
944 2718 1001 2798 ἦεν
1030 2719 1181 2800 ἀμύντωρ
1209 2719 1300 2791 Ζεύς,

134 2821 248 2887 Ξ258
278 2824 406 2885 Somnus
433 2825 469 2885 de
498 2825 565 2885 love
594 2826 670 2884 irato
694 2825 781 2884 dicit:
814 2823 864 2886 καί
892 2822 927 2885 κέ
955 2823 990 2899 μ’
1018 2822 1127 2886 ἄϊετον
1157 2822 1222 2887 ἀπ’
1244 2821 1301 2885 αἰ-

133 2927 253 3004 θέρος
274 2924 390 3004 ἔμβαλε
413 2924 539 3006 πόντῳ,
562 2944 577 2988 ε
598 2922 641 2986 50
670 2923 800 3003 (Ἑρμῆς)
838 2923 970 3001 Πιερίην
993 2923 1027 2986 δ’
1049 2922 1160 3003 ἐπιβὰς
1182 2924 1220 2990 ἐξ
1248 2923 1302 2987 ul-

134 3028 253 3106 θέρος
275 3026 390 3106 έμπεςε
412 3025 534 3110 πόντῳ.
580 3029 675 3107 Atque
699 3028 771 3087 haec
794 3026 914 3105 quidem
939 3027 1093 3087 hactenus.
1130 3025 1207 3097 Quid
1231 3045 1301 3087 vero

134 3139 180 3191 est
201 3127 330 3206 αἴθρη,
354 3148 410 3210 qua
435 3148 504 3190 voce
520 3137 641 3209 praeter
661 3129 741 3190 hunc
764 3130 799 3188 de
823 3147 882 3208 quo
905 3131 1003 3207 agitur
1026 3146 1145 3188 versum
1168 3127 1215 3188 his
1238 3136 1301 3188 tan-

134 3240 197 3293 tum
226 3230 374 3294 Homerus
401 3251 472 3294 usus
501 3232 565 3293 esti
593 3231 757 3312 Hesychius
786 3232 914 3311 explicat
943 3227 1064 3311 αἰθρία,
1092 3227 1173 3307 αὐγὴ
1202 3226 1302 3303 εὐδία,

134 3331 207 3411 ἀὴρ
220 3331 360 3410 καθαρός
383 3332 570 3413 (quamquam
594 3334 649 3393 hoc
672 3335 792 3415 quidem
818 3336 916 3394 minus
931 3340 1028 3402 recte,
1052 3351 1118 3393 cum
1143 3334 1181 3392 sit
1203 3334 1303 3410 potius

134 3433 253 3512 αἰθήρ);
284 3435 388 3496 eodem
418 3435 505 3495 modo
528 3435 701 3496 Eustathius
730 3456 759 3515 p.
785 3430 1174 3514 mutuaenutuae,
1203 3431 1303 3515 εὐδία,

135 3534 252 3614 αἰθρίας
281 3539 504 3597 accuratissime
519 3555 590 3596 vero
606 3544 636 3596 et
652 3539 806 3614 aptissime
823 3536 967 3596 Lehrslus
984 3535 1001 3595 l.
1019 3536 1038 3595 l.
1054 3555 1083 3614 p.
1110 3532 1185 3596 170:
1210 3536 1302 3615 ‘quae

32 3654 33 3677 ³
134 3640 206 3700 hinc
234 3638 375 3718 (aethere)
409 3640 537 3699 efficitur
566 3638 699 3708 claritas,
731 3657 764 3698 ea
796 3644 841 3697 est
868 3635 990 3713 αἴθρη’,
1025 3639 1201 3714 gravissimo
1231 3657 1303 3699 usus

135 3744 341 3751 -.....—....-—-.-

205 3772 248 3838 51)
267 3767 349 3824 Certe
366 3769 578 3823 Duentzerus
597 3769 710 3838 quidem
728 3784 784 3822 non
802 3766 1007 3822 existimabitur
1025 3768 1098 3822 hanc
1110 3767 1303 3837 quaestionem

32 3878 34 3927 ς
134 3852 253 3909 solvisse
271 3852 316 3919 iis,
335 3870 407 3922 quae
426 3852 571 3908 aduolauit
588 3853 618 3906 in
636 3853 701 3908 edit.
726 3852 820 3907 Iliadis
838 3851 874 3906 ad
891 3851 918 3904 h.
936 3853 969 3905 l.:
999 3851 1059 3906 ‘der
1077 3852 1192 3907 Dichter
1209 3853 1303 3906 unter-

32 3932 34 3977 l
136 3937 263 3993 scheidat
281 3937 325 3992 die
343 3938 448 3992 hohere
467 3936 657 3992 Himmelslul't
676 3937 788 4005 (αἰθήρ),
806 3937 835 3989 in
852 3935 957 3990 welche
976 3937 1026 3991 der
1039 3936 1139 4005 Olymp
1157 3937 1231 4006 rugi,
1249 3953 1302 3990 von

32 4034 34 4089 ζ
136 4023 187 4077 der
212 4021 328 4076 niedern
357 4021 546 4087 Luftschicht‚
573 4022 601 4076 in
627 4021 747 4076 welcher
773 4020 818 4074 die
845 4020 967 4075 Wolhen
992 4020 1037 4074 ihr
1063 4020 1168 4074 Wesen
1194 4019 1303 4075 hreiben

136 4107 292 4174 (οὐρανός).
327 4106 379 4161 Die
398 4105 587 4160 Himmelslufi
605 4107 681 4160 fiihrt
709 4105 758 4159 das
778 4105 849 4158 cuch
876 4104 926 4158 der
944 4105 1018 4158 Erde
1044 4105 1101 4157 und
1127 4104 1191 4158 dem
1209 4103 1303 4157 Meere

32 4230 33 4233 ,
92 4255 96 4263 .
135 4190 339 4246 zuhommende
356 4189 479 4245 Beiwort
496 4194 549 4255 hio,
567 4189 734 4255 herrlich‚
752 4187 804 4242 wie
816 4206 833 4241 τ
846 4195 903 4242 540.
922 4190 992 4242 Zeus
1004 4188 1103 4242 sendei
1115 4188 1189 4243 diese
1202 4188 1303 4243 Wolhe

136 4274 223 4341 eben,
246 4291 294 4327 um
311 4274 392 4329 einen
411 4275 505 4329 Sturm
528 4291 574 4329 am
597 4274 719 4327 Himmel
740 4291 774 4325 zu
797 4271 978 4327 verhreiten.’
1016 4270 1092 4336 Quae
1115 4272 1306 4344 distinguendi

32 4354 34 4387 ί
136 4358 211 4414 ratio
230 4357 331 4429 quibus
349 4358 523 4433 argumentis
540 4358 659 4427 nitatur,
677 4356 778 4413 nescio.
