3312 5226
599 415 751 511 ji.
850 502 856 513 .

98 606 257 666 derivamm
281 612 328 662 est
355 622 391 663 ex
415 605 533 664 nomine
562 599 700 682 ἄμαθος,
728 611 762 662 ut
788 602 866 662 idem
896 603 1043 679 significet
1070 611 1158 681 atque
1180 600 1259 681 ἠμα-

97 704 227 768 diescet
251 713 337 782 poeta
360 707 390 764 in
413 706 461 765 his
484 704 622 782 epithetis
645 706 819 772 variaverit,
842 710 932 782 prout
946 703 1063 765 terebat
1078 707 1166 765 metri
1190 723 1258 765 con·

96 807 177 867 dicio.
223 806 362 866 Ceterum
397 815 629 867 consentaneum
666 813 713 866 est
745 805 891 866 Rhianum
929 823 987 865 non
1015 805 1111 866 solnm
1143 809 1173 865 in
1202 808 1259 867 hoc

95 927 194 978 versu,
219 907 298 968 unde
321 911 421 969 exorsi
443 926 561 977 sumus,
585 910 604 970 δ
627 904 704 976 702,
734 906 786 968 sed
815 908 846 967 in
880 906 1035 976 omnibus,
1071 924 1146 985 quos
1169 926 1259 986 supra

95 1010 339 1088 significavimus,
382 1007 514 1087 ἠμαθίης
553 1009 597 1069 vel
626 1005 760 1085 ἠμαθίην
801 1008 1008 1078 substituisse,
1043 1008 1072 1067 id
1107 1009 1186 1089 quod
1218 1010 1258 1071 La

95 1113 222 1173 llochius
244 1114 275 1172 in
299 1112 487 1172 adnotatione
510 1112 612 1172 critica
635 1110 774 1171 editionis
795 1109 945 1189 Odysseae
966 1117 1048 1170 recte
1072 1110 1223 1173 indicavit.

176 1217 195 1277 δ
218 1210 291 1275 788.
326 1213 378 1273 lle
400 1211 549 1290 Penelopa
572 1214 653 1273 euris
676 1219 707 1273 et
728 1213 836 1274 timore
864 1218 967 1272 vexata
990 1221 1152 1272 narrantur
1174 1204 1310 1274 taeenti

219 1346 301 1412 κεῖτ’
323 1345 381 1425 ἄρ’
402 1345 556 1421 ἄςιτος,
578 1344 717 1411 ἄπαςτος
740 1345 873 1424 ἐδητύος
895 1344 952 1422 ἠδὲ
974 1348 1126 1424 ποτῆτος.

97 1502 191 1563 Schol.
220 1498 321 1564 κεῖτ’
354 1498 415 1577 ἄρ’
448 1497 598 1563 ἄςιτος·
633 1498 759 1563 Ῥιανὸς
786 1498 866 1563 κεῖτ’
895 1497 951 1576 ἄρ’
983 1497 1175 1582 ἄναυδος,
1207 1501 1260 1564 καὶ

96 1602 175 1665 ἔςτιν
198 1600 278 1679 αὕτη
301 1601 487 1679 χαριεςτέρα
508 1601 528 1678 ἡ
550 1601 670 1680 γραφή.
692 1602 766 1662 ΗΡ.
811 1601 967 1663 Manifesta
995 1608 1040 1662 cst
1068 1621 1172 1673 eausa,
1201 1622 1259 1683 qua

17 1720 18 1724 ’
97 1705 200 1764 ductus
222 1703 357 1764 Rhianus
379 1722 395 1764 a
417 1704 564 1765 tralaticia
587 1704 677 1764 liuius
699 1722 802 1765 versus
830 1704 976 1781 scriptura
1001 1707 1175 1767 recesserit:
1204 1706 1259 1765 tol·

96 1805 155 1865 lere
177 1805 256 1865 enirn
281 1805 373 1866 voluit
400 1806 608 1883 tautologiam,
643 1824 719 1885 quae
748 1805 899 1866 molestior
930 1808 959 1865 ei
986 1808 1048 1866 visa
1077 1813 1136 1875 est,
1171 1825 1260 1886 quam

97 1925 168 1986 quae
191 1907 312 1968 tolerari
335 1916 442 1984 posset.
488 1906 586 1968 Ceteri
614 1906 746 1967 editores
768 1925 855 1968 secus
876 1907 1135 1977 existimaverunt,
1166 1915 1196 1967 et
1224 1907 1260 1983 ad

97 2008 310 2069 defendendam
333 2008 491 2069 lectionem
515 2009 665 2087 vulgarem
692 2010 752 2068 iarn
780 2008 951 2070 Eustathius
979 2009 1103 2085 protulit
1131 2010 1259 2087 explica·
1288 2070 1292 2075 ,

98 2112 207 2170 tionem
236 2127 317 2179 eam,
346 2110 381 2170 ad
411 2129 500 2191 quarn
523 2108 749 2187 excogitandam
779 2109 858 2171 haud
888 2113 930 2171 ita
958 2127 1066 2187 magno
1094 2129 1168 2189 opus
1197 2121 1261 2172 erat
1313 2178 1316 2183 ⁴

98 2214 247 2272 acumine:
282 2209 320 2273 τὸ
352 2209 494 2275 ἄπαςτος
527 2209 661 2289 ἐδητύος
690 2209 748 2287 ἠδὲ
775 2212 916 2287 ποτῆτος
943 2211 1170 2290 διαςαφητικόν
1199 2211 1262 2275 ἐςτι

96 2314 152 2375 τοῦ
175 2310 298 2385 ἄςιτος,
321 2313 350 2373 id
373 2314 452 2394 quod
469 2313 641 2375 Nitzschius
655 2312 793 2393 probarit
808 2321 837 2373 et
853 2315 1001 2374 Ameisius
1024 2315 1054 2373 in
1071 2332 1157 2375 suum
1174 2334 1260 2375 usum

17 2470 19 2475 ,
99 2417 252 2475 convertit.
297 2414 381 2486 Quod
404 2434 475 2476 nom
498 2435 531 2476 rc
554 2434 623 2476 vera
646 2416 786 2475 idoneum
810 2416 864 2482 sit,
887 2432 946 2492 quo
968 2414 1128 2491 tautologia
1150 2414 1199 2475 illa
1223 2416 1261 2476 ab

98 2519 176 2577 omni
199 2506 397 2578 dubitatione
409 2517 595 2587 vindicetur,
624 2515 763 2593 equidem
793 2515 959 2575 diiudicare
983 2515 1065 2583 nolo,
1094 2516 1146 2576 sed
1169 2535 1262 2595 penes

17 2606 18 2611 ¹
99 2636 146 2680 eos
174 2618 319 2680 iudicium
348 2620 402 2689 sit,
436 2621 488 2699 qui
511 2620 688 2679 Homericae
711 2618 889 2678 elocutionis
912 2635 958 2677 me
986 2618 1149 2696 peritiores
1176 2627 1260 2688 sunt;

99 2740 191 2801 neque
214 2738 285 2780 vero
307 2727 420 2781 tantum
443 2719 561 2799 Didymi
584 2721 754 2782 auctoritati
775 2717 893 2787 tribuo,
918 2725 950 2778 ut
971 2719 1001 2779 in
1025 2721 1090 2780 eius
1112 2739 1262 2782 commen·

99 2824 216 2899 datione
238 2856 280 2867 -
302 2820 506 2899 χαριεςτέραν
535 2824 614 2883 enim
642 2822 716 2882 dicit
743 2821 903 2882 lectionem
926 2820 1089 2881 Rhianeam
1114 2856 1153 2865 -
1175 2843 1262 2902 pror-

100 2944 148 2985 sus
170 2924 417 3004 acquiescendum
446 2942 510 2985 esse
539 2923 684 2993 arbitrem
713 2930 742 2982 at
768 2924 824 2983 hoc
852 2928 933 2982 certe
963 2924 1159 2984 animadverti
1187 2925 1262 2994 volo,

100 3030 162 3087 sine
185 3025 276 3087 dubio
298 3045 357 3087 non
380 3043 451 3085 casu
474 3027 584 3086 iactum
611 3032 661 3086 aut
689 3025 843 3084 fortuitum
871 3040 951 3091 esse,
979 3023 1059 3102 quod
1087 3025 1262 3087 vocabulum

99 3126 204 3191 ύςιτος
227 3127 414 3207 repudiatum
438 3126 508 3188 illud
532 3127 653 3207 quidem
676 3146 693 3185 a
714 3124 840 3195 Rhiano,
864 3143 1042 3204 quamquam
1066 3127 1143 3205 apud
1168 3130 1262 3207 scrip·

31 3248 34 3255 ’
99 3238 178 3291 tores
204 3238 340 3311 posteros
374 3231 493 3309 saepius
526 3227 650 3308 legitur,
686 3227 763 3307 apud
791 3227 955 3288 Homerum
983 3222 1066 3292 ἅπαξ
1095 3225 1263 3306 εἰρημένον

99 3338 154 3392 cst.
191 3332 315 3393 Accedit
344 3350 428 3401 vero,
462 3331 541 3412 quod
574 3328 716 3394 ἄναυδος
749 3329 839 3391 liuius
870 3329 928 3389 loci
957 3328 1127 3390 condicioni
1155 3334 1263 3394 mirum

101 3442 240 3512 qnantum
270 3435 418 3494 convenit.
462 3433 579 3494 Etenim
602 3433 751 3511 Penelopa
780 3432 880 3492 audito
909 3449 1017 3510 procos
1046 3451 1150 3492 navem
1178 3433 1263 3495 ador·

102 3554 185 3596 nasse
208 3543 237 3595 et
253 3543 339 3596 nocte
356 3536 506 3615 proficisci
528 3535 618 3603 velle,
642 3542 675 3594 ut
690 3533 902 3594 Telemachum
918 3533 1058 3593 reducem
1075 3553 1129 3613 per
1144 3545 1264 3598 noctur-

103 3656 153 3696 nas
175 3638 299 3697 insidias
313 3639 518 3715 opprimerent
540 3644 569 3695 et
591 3638 810 3703 interficerent,
835 3635 981 3694 anxietate
997 3653 1111 3695 summa
1135 3639 1264 3699 cruciata

103 3745 197 3798 estet
218 3739 346 3800 sollicita
368 3740 424 3799 luit
447 3757 502 3799 nec
525 3741 663 3798 timorem
691 3740 789 3817 potuit
816 3736 951 3805 abicere,
981 3755 1018 3796 ne
1040 3737 1120 3797 iilius
1142 3741 1172 3798 in
1196 3759 1263 3817 pro·

102 3858 202 3901 corum
234 3859 340 3901 manus
372 3840 533 3910 inciderem
574 3842 697 3900 remotis
730 3837 845 3900 ancillis
878 3839 971 3898 iacuit
1003 3841 1033 3898 in
1067 3839 1176 3899 lectulo
1208 3859 1263 3899 neo

102 4106 136 4160 δς
153 4114 203 4163 νύν
222 4110 340 4174 Μύμαος
359 4111 405 4162 καῖ
425 4110 604 4175 Ἀρκαδιακὸς
628 4110 766 4173 καλεῖται,
791 4108 863 4160 ὥστ’
884 4107 1017 4160 ἐντεῦθεν
1040 4106 1202 4173 ἠμαθόεντα
1220 4124 1264 4162 κε-

102 4194 226 4258 uincam·
247 4194 304 4247 εἴτε
322 4195 427 4247 τούτου
445 4194 495 4260 μὲν
507 4193 634 4259 Παμῖςου
647 4191 822 4257 καλουμένου
834 4191 995 4257 ὁμωνύμως
1012 4196 1073 4244 τοῖς
1090 4190 1121 4243 ἐν
1139 4197 1175 4260 τῇ
1195 4192 1265 4247 Μες-

103 4276 182 4347 ςηνῖᾳ
204 4278 277 4345 δυςῖ,
300 4282 352 4344 τῆς
375 4279 406 4333 δὲ
430 4280 542 4333 πόλεως
566 4278 672 4344 ἄδηλον
690 4276 806 4342 ἑχούςης
823 4277 877 4342 τὴν
896 4274 1083 4340 ἐτυμολογίαν
1101 4280 1153 4328 τού
1173 4277 1265 4332 ἐπιθέ-

102 4375 165 4412 του·
183 4365 228 4416 καῖ
246 4363 299 4429 γὰρ
316 4364 351 4417 τὸ
369 4364 504 4430 ἀμαθώδη
517 4365 570 4416 τὸν
588 4363 719 4427 ποταμὸν
742 4362 760 4427 ἢ
777 4362 832 4426 τὴν
850 4361 946 4425 χώραν
960 4360 1033 4414 εῖναι
1051 4360 1155 4427 ψεῦδός
1173 4379 1264 4427 φαςιν.
