3312 5226
704 413 746 476 29

143 609 249 681 postea
277 608 345 662 ante
375 603 478 663 oculos
507 595 605 663 esset?
642 603 705 662 Hoc
733 606 814 663 enim
844 603 996 663 evidenter
1024 601 1182 663 admodum
1211 622 1247 663 ex
1275 621 1311 664 eo

143 705 256 770 elucet,
282 704 359 781 quod
382 703 407 767 Α
428 700 491 765 553
514 712 639 783 uterque
667 713 790 784 propter
812 705 952 781 digammi
975 706 1162 764 inscientiam
1186 707 1217 764 in
1240 723 1310 765 ean·

143 807 211 866 dem
229 806 332 866 1313313
356 805 475 866 lonicae
491 807 657 884 scripturae
680 808 961 885 interpretationem
981 805 1169 876 inciderunt,
1193 806 1230 867 de
1252 825 1312 886 quo

141 907 208 968 ioco
242 909 319 968 intra
355 907 479 968 uherins
512 927 703 987 exponemus.
758 908 943 968 Documento
983 915 1052 968 sunt
1084 907 1159 967 aliae
1192 926 1310 987 quoque

141 1008 286 1070 lectiones
309 1008 476 1079 Rhianeae,
506 1028 582 1089 quae
605 1028 664 1089 quo
683 1009 771 1070 modo
794 1016 882 1069 natae
905 1012 982 1077 sint,
1007 1009 1247 1070 commodissime
1269 1012 1310 1070 ita

140 1111 338 1189 explicamus,
380 1118 411 1171 ut
445 1119 580 1171 veterum
616 1111 830 1171 elementorum
849 1093 987 1180 ductus,
1021 1113 1151 1190 scriptos
1183 1102 1314 1171 13113333
1365 1137 1369 1144 ·

140 1214 241 1273 minus
263 1211 403 1273 distincte
426 1221 477 1273 aut
498 1215 642 1291 temporis
672 1213 800 1273 decursu
830 1211 925 1273 iaesos
952 1214 1065 1273 variam
1087 1213 1308 1290 interpretatio·

140 1332 209 1374 nem
239 1313 396 1375 admisisse
425 1322 597 1375 statuamus.
633 1314 709 1374 Tres
732 1335 766 1375 311
791 1315 845 1374 1133
869 1314 1003 1374 editione
1026 1313 1170 1393 1331131133
1193 1313 1310 1375 videtur

140 1416 324 1494 suscepisse,
349 1433 424 1494 quae
448 1417 583 1506 proximo
606 1418 702 1495 capite
725 1415 942 1476 tractabuntur.

224 1514 253 1578 3.
286 1517 429 1597 Sequitur
452 1515 545 1578 editio
568 1518 798 1587 Antimachi,
821 1525 928 1597 poetae
951 1517 1143 1597 Colophonii,
1167 1519 1218 1597 qui
1242 1515 1307 1576 Pia·

141 1622 220 1680 tonis
242 1619 374 1698 aequalis
395 1619 463 1698 plus
485 1626 604 1679 centnm
628 1622 715 1680 annis
738 1627 805 1680 ante
821 1618 969 1680 Rhianum
993 1627 1071 1686 erat;
1095 1637 1188 1680 31133
1211 1618 1310 1678 hausit

225 1819 255 1884 4.
287 1823 399 1883 Chiae
422 1823 564 1883 editionis
586 1823 749 1902 exemplari
776 1842 848 1883 usus
876 1829 935 1892 est,
965 1821 1146 1884 3331333131
1176 1821 1214 1899 1Υ
1237 1818 1307 1899 188)

139 1926 216 1986 hanc
239 1930 374 1986 secutum
397 1942 554 1985 33333313
577 1927 774 2004 reperiamus.

223 2024 254 2089 5.
275 2024 575 2088 'Massiliensem
609 2027 788 2097 editionem,
823 2046 858 2088 ex
887 2046 945 2106 qna
973 2026 1121 2087 Rhianum
1149 2026 1308 2086 lectionem
1376 2009 1383 2022 ⁸

139 2126 227 2192 aad
256 2127 477 2209 deprompsisse
504 2131 563 2189 iam
593 2147 682 2209 supra
711 2137 977 2190 commemoratum
1005 2135 1064 2198 est,
1095 2130 1185 2188 etiarn
1212 2124 1245 2189 Π
1267 2122 1309 2187 59

140 2233 250 2292 3313113
273 2232 452 2311 anteposuit.

224 2329 255 2392 6.
285 2332 489 2393 111313113333
512 2331 695 2410 subiungere
718 2332 788 2393 11331
809 2333 944 2394 urbicam
968 2332 1132 2393 editionem
1156 2332 1308 2392 Creten·

141 2452 216 2493 sem
242 2431 307 2510 (311.
331 2434 371 2494 La
394 2432 663 2520 113311331311111.
686 2453 715 2513 p.
731 2430 799 2513 20);
823 2452 890 2495 3331
913 2451 981 2493 3331
1004 2433 1063 2492 11113
1086 2436 1146 2493 1313
1163 2434 1307 2510 tempori·

140 2533 197 2594 bus
219 2535 335 2611 rigente
363 2532 485 2593 libraria
515 2533 641 2612 quadarn
670 2540 838 2594 mercatura
866 2533 944 2594 haud
973 2533 1064 2594 dubie
1094 2532 1307 2611 exemptarium

140 2638 225 2714 eopia
249 2643 327 2696 esset
349 2636 426 2715 apud
450 2634 614 2695 litteratum
636 2654 784 2716 quemque
815 2634 892 2715 (ride
915 2635 1053 2696 Wolfium
1075 2635 1151 2715 3131.
1174 2654 1205 2713 p.
1224 2629 1305 2710 169),

140 2756 194 2798 cur
222 2757 282 2797 non
311 2745 450 2817 putemus
484 2736 652 2816 possedisse
680 2736 844 2805 Rhianum,
879 2745 912 2798 ut
945 2737 1095 2798 hominem
1123 2737 1305 2800 Cretensem.

139 2839 219 2900 iliius
242 2839 383 2900 editionis
407 2839 575 2919 exemplar?
613 2838 671 2899 Sed
700 2857 767 2899 cum
797 2858 862 2899 eam
891 2839 972 2900 113113
1001 2838 1066 2899 1333
1095 2846 1214 2900 secutus
1241 2855 1307 2898 esse

140 2941 291 3011 videatur,
315 2941 391 3002 nihii
413 2943 519 3001 attinet
541 2942 598 3001 hoc
621 2943 778 3020 suspicari.

224 3043 303 3103 11333
326 3045 389 3104 1313
413 3050 495 3112 sunt,
526 3061 601 3123 quae
630 3043 666 3103 de
689 3043 788 3103 critici
811 3045 903 3102 nostri
928 3041 1071 3102 subsidiis
1094 3042 1246 3102 doctrinae
1271 3060 1305 3101 ex

140 3145 263 3206 schoiiis
287 3164 392 3206 eruere
416 3147 574 3225 possimus.
617 3145 757 3206 Fortasse
780 3143 867 3204 licuit
890 3146 918 3203 ei
934 3146 1023 3204 etiarn
1039 3144 1096 3204 alia
1119 3142 1213 3216 adire,
1237 3160 1304 3202 cunr

139 3246 319 3308 bibliotheca
344 3247 542 3308 Alexandrina
565 3246 734 3308 Homericis
756 3267 771 3308 a
795 3248 999 3324 grammaticis
1021 3246 1072 3306 ilio
1094 3254 1231 3326 tempore
1254 3245 1305 3304 ad·

139 3350 304 3409 ministrata
327 3351 431 3429 procui
448 3349 539 3411 dubio
563 3351 602 3410 iis
616 3351 752 3428 scriptis,
777 3367 852 3428 quae
868 3348 905 3409 ad
920 3348 1082 3409 Homerum
1105 3349 1304 3427 pertinerent,

138 3453 372 3512 instructissima
401 3458 495 3522 essct;
523 3452 576 3512 sed
604 3451 682 3512 nitra
710 3450 784 3512 haec
811 3451 973 3512 divinando
1001 3449 1165 3530 procedere
1193 3455 1222 3509 13
1250 3449 1305 3510 hac

139 3561 271 3614 13131331
295 3555 535 3613 testimoniorum
557 3556 683 3633 penuria
705 3552 908 3633 periculosum
931 3560 985 3613 331.

620 3791 822 3799 ...ι--μ--υ-

223 4164 405 4226 Accedamus
427 4182 507 4224 nunc
529 4162 565 4223 ad
594 4170 683 4241 caput
710 4164 918 4240 gravissimum
947 4171 977 4222 et
1004 4165 1034 4222 in
1064 4178 1122 4241 quo
1150 4159 1304 4225 uberrima

138 4266 225 4327 nobis
255 4270 294 4327 sit
317 4265 486 4345 disputandi
514 4267 654 4326 materia:
684 4283 752 4324 nam
780 4282 839 4342 quo
867 4266 981 4324 rectius
1008 4260 1214 4340 intellegatur,
1245 4282 1304 4343 qua

139 4369 253 4428 ratione
287 4368 421 4428 Rhianus
453 4368 501 4427 his
536 4370 567 4426 in
602 4369 810 4426 instrumentis
844 4366 959 4425 criticis
987 4364 1164 4426 adhibendis
1197 4368 1302 4444 egerit,
