3312 5226
878 376 1038 498 ’,11-

380 596 526 654 inermem
550 589 692 652 insidiose
707 595 938 669 oppresserunt,
961 588 1070 666 gaudio
1086 587 1156 648 elati
1177 594 1238 649 tam
1260 585 1447 648 inmoderato
1461 590 1547 667 potui

380 713 411 756 se
435 694 595 762 dederunt,
620 698 652 751 ut
675 689 820 751 ebrietate
849 691 939 771 sopiti
960 688 998 752 ab
1020 692 1207 751 Aristomene
1237 708 1398 769 generosae
1421 692 1548 769 virginis

380 815 435 875 ope
465 794 593 859 liberato
621 792 709 853 lacile
738 792 982 852 interficerentur
1015 799 1046 851 et
1072 809 1125 852 suo
1153 791 1289 872 exemplo
1315 792 1547 872 comprobarent

381 896 454 958 illud
483 894 601 973 Κρῆτες
628 891 679 957 ἀεὶ
706 894 855 972 mederer,
884 889 965 956 κακὰ
992 889 1101 974 θηρία,
1133 891 1282 971 γαετὲρεε
1309 891 1413 972 ἀργαί.
1458 894 1547 956 Certe

380 999 516 1060 Rhianus
549 998 608 1059 nisi
640 998 738 1076 patria
769 1002 886 1056 mature
915 992 1023 1056 relicta
1056 997 1123 1057 eius
1149 995 1237 1075 plane
1266 995 1379 1058 oblitus
1405 998 1547 1077 omnique

381 1104 505 1163 caritate
528 1106 634 1160 exutus
656 1105 750 1166 esset,
780 1095 836 1161 hoc
858 1096 1047 1177 popularium
1076 1115 1198 1159 suorum
1220 1098 1316 1159 lamae
1339 1098 1469 1159 dandum
1491 1116 1546 1179 pu·

381 1205 517 1272 iuvisset,
542 1207 575 1263 ut
596 1200 785 1262 Cretensium
808 1198 959 1259 inlocum
982 1198 1056 1259 alios
1077 1216 1114 1259 ex
1129 1198 1434 1262 Lacedaemoniorum
1456 1201 1548 1261 sociis

382 1304 587 1366 substitueret.
632 1299 715 1372 Quod
750 1319 785 1362 eo
816 1302 880 1361 veri
903 1300 1031 1361 similius
1053 1307 1112 1371 est,
1136 1318 1204 1362 curn
1225 1302 1304 1381 quod
1327 1303 1549 1363 mercennarios

382 1407 540 1469 Cretenses
561 1406 687 1466 carmini
711 1404 855 1472 intexuit,
884 1401 916 1464 id
944 1421 1004 1463 non
1027 1420 1063 1462 ex
1090 1401 1244 1498 veteribus
1265 1403 1480 1466 Messeniorum
1503 1405 1548 1464 la·

382 1509 462 1569 bulis
484 1509 625 1588 petitum,
649 1506 717 1577 sed,
741 1513 773 1566 ut
795 1505 849 1566 ud.
872 1503 1036 1566 Muellerus
1058 1504 1094 1564 de
1117 1505 1253 1566 Doriens.
1277 1504 1290 1566 l
1312 1525 1342 1586 p.
1360 1502 1423 1567 144
1444 1505 1548 1568 obser·

381 1612 479 1678 vavit,
523 1610 704 1670 recentioris
742 1609 843 1688 poesis
882 1606 1028 1667 indicium
1066 1624 1131 1668 esse
1170 1607 1319 1668 videatur:
1368 1609 1423 1669 clr.
1457 1610 1548 1669 etiam

346 1734 355 1749 ·
382 1711 532 1773 Hoechius
548 1711 654 1772 Cretae
671 1709 712 1770 Ill
726 1728 757 1788 p.
772 1704 846 1769 401..
884 1708 965 1778 Quae
981 1727 1050 1769 curn
1065 1710 1106 1769 ita
1126 1727 1158 1769 se
1173 1709 1316 1780 habeant,
1345 1712 1412 1796 iure
1434 1710 1547 1771 hlaine-

381 1814 450 1874 hius
471 1815 558 1882 lecit,
574 1811 665 1891 ·quod
694 1812 944 1872 commentatione
972 1829 1025 1872 sua
1053 1811 1089 1871 de
1112 1809 1228 1872 libiano
1250 1811 1399 1875 Analectis
1421 1813 1547 1873 Alexan·

382 1916 478 1976 drinis
501 1916 615 1975 inserta
637 1914 716 1973 hunc
732 1912 939 1974 Alexandrinis
960 1915 1059 1993 poetis
1080 1922 1112 1974 et
1132 1915 1335 1992 grammaticis
1349 1915 1547 1976 adnumeran-

382 2017 453 2078 dum
476 2033 541 2077 esse
563 2015 734 2076 declararit.
779 2014 853 2075 Cum
876 2022 977 2076 autem
997 2014 1106 2077 litiani
1134 2017 1212 2077 vitae
1234 2016 1289 2076 hos
1305 2018 1456 2083 ,terminos
1477 2036 1547 2077 con·

382 2119 583 2186 stituerimus,
607 2126 641 2176 ut
662 2115 700 2176 ab
722 2134 800 2177 anno
821 2112 886 2178 250
907 2116 972 2177 lere
995 2136 1089 2198 usque
1112 2118 1148 2179 ad
1172 2134 1282 2179 annum
1303 2113 1368 2179 200
1388 2120 1547 2198 pertineat,

382 2238 509 2298 cumque
532 2219 715 2279 Zenodotum
737 2217 783 2279 01.
809 2215 869 2279 133
897 2221 958 2280 sive
987 2238 1065 2279 anno
1086 2215 1150 2280 248
1178 2226 1307 2280 mortem
1329 2219 1456 2291 obiisse,
1480 2221 1549 2281 hri-

383 2321 559 2401 stophanem
595 2320 772 2400 Byzantium
800 2319 845 2385 01.
876 2318 937 2381 144
970 2323 1031 2382 sive
1066 2320 1143 2382 anno
1170 2317 1235 2382 204
1266 2321 1403 2382 lloruisse
1438 2322 1549 2383 Suidae

382 2423 553 2503 testimonio
566 2423 730 2493 evincatur,
746 2424 1010 2501 grammaticorum
1020 2423 1289 2485 Alexandrinorum
1300 2424 1399 2484 ordini
1413 2424 1550 2485 Rhianus

381 2527 423 2586 ita
451 2525 687 2604 interponendus
716 2527 789 2595 erit,
819 2533 852 2585 ut
880 2544 938 2586 una
966 2544 1034 2603 cum
1063 2525 1259 2588 Eratosthene
1287 2525 1385 2587 locum
1414 2525 1551 2588 obtineat

380 2628 461 2687 inter
483 2626 667 2688 Zenodotum
688 2632 719 2686 et
740 2626 970 2707 Aristophanem
993 2624 1220 2709 Byzantium.¹⁰l

452 2881 494 2944 10)
512 2876 586 2932 Mira
603 2875 647 2931 est
663 2875 766 2931 Rhiani
779 2876 813 2931 de
838 2877 931 2932 aetate
950 2879 980 2932 et
997 2878 1066 2932 artis
1079 2877 1193 2933 criticae
1214 2878 1316 2933 natura
1327 2876 1401 2932 inter
1422 2876 1550 2931 homines

381 2961 479 3017 doctos
501 2960 644 3017 dissensio.
679 2961 752 3016 Nam
769 2959 875 3016 Theod.
894 2961 1089 3017 Becoardus
1108 2961 1143 3016 de
1161 2961 1272 3017 scholiis
1289 2961 1318 3016 in
1330 2963 1412 3016 Hom.
1430 2961 1549 3016 Iliadem

381 3046 498 3102 Venetis
509 3046 602 3101 Berol.
616 3051 682 3102 1850
690 3064 739 3115 pp.
750 3051 793 3100 47.
808 3052 843 3100 48
853 3045 994 3100 Rhianum
1012 3046 1046 3100 iis
1063 3047 1244 3115 adnumerat,
1263 3046 1311 3115 qui
1328 3045 1407 3101 nulla
1417 3047 1475 3101 iam
1486 3047 1549 3101 arte

380 3131 565 3200 grammatica
591 3129 719 3186 adhibita
741 3130 953 3184 Homericorum
980 3132 1133 3185 carminum
1160 3132 1290 3199 ἐκδόεεκ,
1308 3147 1365 3186 non
1388 3132 1549 3200 διορθώεειε

380 3216 508 3271 iecerint.
545 3214 634 3281 Quem
660 3214 690 3266 in
717 3229 841 3269 errorem
868 3229 902 3269 eo
925 3213 1055 3269 inductus
1082 3232 1141 3271 esse
1164 3216 1287 3282 videtur,
1314 3216 1391 3284 quod
1407 3216 1550 3270 Rhianum

380 3302 460 3355 ante
478 3300 653 3354 Zenodotum
672 3297 765 3353 studia
782 3315 832 3352 sua
848 3297 971 3354 Homero
991 3299 1096 3355 dicasse
1114 3300 1254 3371 opinatur.
1279 3299 1354 3354 Dicit
1372 3302 1458 3355 enim:
1482 3300 1549 3354 ‘No-

381 3385 520 3439 tissimum
538 3386 595 3451 est,
617 3382 648 3434 in
670 3380 782 3436 scholiis
799 3382 902 3437 nostris
919 3382 970 3437 has
993 3383 1087 3440 Iliadis
1109 3383 1249 3439 nominari
1271 3384 1420 3441 editiones:
1449 3383 1548 3439 Massi-

380 3470 511 3536 liensem,
529 3467 641 3535 Chiam,
658 3466 832 3538 Argolicam,
845 3467 1041 3538 Sinopensem,
1054 3469 1198 3539 Cypriam,
1217 3467 1367 3536 Creticam,
1379 3468 1550 3536 Antimachi,

382 3554 523 3621 Philetae‚
544 3552 683 3619 Rhiani,
706 3552 890 3621 Philemonis,
913 3552 1033 3622 denique
1051 3552 1202 3622 Sosigenis.
1237 3553 1317 3607 Tum
1339 3571 1419 3610 vero
1442 3553 1551 3609 exstitit

382 3638 553 3705 Zenodotus,
572 3637 620 3705 qui
637 3636 761 3691 omnium
777 3637 883 3707 primus
902 3654 964 3697 oum
982 3637 1101 3693 audacia
1118 3639 1203 3707 atque
1225 3638 1329 3693 iudicio
1348 3639 1385 3694 ad
1402 3656 1554 3695 recensen—

382 3723 448 3776 dam
459 3720 577 3777 Iliadem
596 3739 744 3792 aggressus
762 3725 824 3777 est’.
859 3721 938 3777 idem
955 3722 1059 3777 sentire
1077 3722 1187 3777 videtur
1205 3723 1406 3793 Bernhardy
1425 3724 1473 3779 Gr.
1491 3724 1550 3779 litt.

380 3807 615 3877 hist.11p.1m.
649 3809 674 3861 A
692 3807 793 3875 quibus
820 3809 957 3877 quantum
983 3806 1070 3861 distat
1095 3806 1168 3861 Mars
1196 3808 1231 3862 de
1253 3807 1418 3877 Karajan,
1444 3809 1494 3878 qui
1518 3809 1551 3861 in

381 3891 629 3947 commentatione:
665 3891 776 3947 ‘Ueber
801 3891 846 3946 die
868 3891 1088 3946 Handschriiten
1114 3891 1165 3946 der
1191 3892 1321 3947 Soholien
1347 3911 1396 3946 zur
1423 3892 1550 3962 Odyssea

380 3977 464 4032 Wien
482 3981 559 4031 1857’
586 3997 612 4047 p.
626 3983 655 4044 t,
673 3975 722 4030 ubi
739 3977 899 4046 temporum
916 3975 1013 4031 ordine
1031 3977 1180 4031 observato
1198 3978 1397 4047 grammaticos
1415 3977 1450 4032 de
1464 3976 1552 4047 Odys-

381 4078 430 4117 sea
450 4060 565 4117 meritos
588 4062 750 4127 enumerat,
774 4059 854 4115 dicit:
885 4061 1041 4116 ‘Zuntchst
1063 4062 1112 4116 des
1133 4061 1335 4132 Aristophanes
1357 4078 1416 4116 vonv
1430 4062 1551 4131 Byaanz,

379 4146 504 4201 Rhianos
520 4146 579 4201 und
595 4145 740 4200 Aristareh
761 4146 905 4202 ἐκδόεειϋ.
929 4145 1023 4201 Etiam
1040 4146 1077 4201 ab
1094 4146 1166 4214 Aug.
1186 4147 1314 4201 Nauckio
1331 4144 1552 4217 Aristophanem

380 4233 447 4285 ante
463 4231 605 4286 Rhianum
622 4229 689 4300 poni
707 4232 806 4300 postea
824 4229 988 4286 ridebimus.
