3312 5226
927 396 969 459 56
994 486 1027 491 m

365 591 554 669 potissimum
578 595 714 665 tempore
731 586 834 648 Thetis
853 586 883 647 id
907 591 1157 665 conquereretur,
1180 585 1259 665 quod
1276 591 1451 646 eventurum
1467 604 1533 646 esse

366 690 477 755 dudum
501 691 649 768 cognovit.
662 685 699 767 ⁴²)
998 736 1003 750 ,

315 787 361 854 20
450 789 477 854 Ω
499 787 569 854 584.
614 791 740 853 Achilles
762 790 874 851 Priami
897 790 1055 852 adventum
1084 798 1259 871 exspectans
1281 788 1404 852 ancillas
1425 789 1533 851 llecto·

257 936 260 942 ·
366 898 410 957 ris
432 904 541 973 eorpus
565 901 716 973 turpatum
735 893 837 953 lavare
860 899 889 953 et
911 909 1024 970 ungere
1054 900 1083 954 et
1107 910 1123 952 e
1150 894 1246 970 patris
1267 899 1429 971 conspectu
1452 911 1533 954 amo·

366 996 556 1081 καταλαλιαί,
580 1015 618 1056 ne
641 998 668 1055 is
690 994 743 1056 lilii
766 995 867 1073 specie
889 1000 1044 1072 permotus
1064 995 1110 1053 ira
1133 994 1322 1055 exardescat:

493 1098 533 1175 μὴ
556 1094 574 1158 ὁ
599 1096 657 1174 μὲν
680 1094 843 1176 ἀχνυμένῃ
865 1092 976 1177 κραδίῃ
999 1092 1124 1171 χόλον
1147 1091 1207 1157 οὐκ
1228 1092 1375 1173 {prisone

493 1200 593 1262 παῖδα
615 1196 693 1261 ἰδών
700 1245 710 1278 ,
733 1196 850 1274 Ἀχιλῆι
873 1194 907 1260 δ’
929 1194 1068 1273 ὀρινθείη
1092 1194 1191 1275 φίλον
1214 1195 1294 1275 ἦτορ

393 1300 396 1305 ’
493 1300 544 1364 καί
565 1298 582 1363 ἑ
603 1298 829 1380 κατακτείνειε,
851 1296 933 1361 Διὸς
955 1296 988 1361 δ’
1015 1295 1157 1376 ἀλίτηται
1179 1297 1329 1377 ἐφετμάς.

368 1419 465 1482 Sehol.
490 1416 617 1483 ‘Prende
638 1416 777 1498 κόλον,
796 1410 831 1480 ὀἱ
853 1417 889 1480 δὲ
911 1415 1050 1481 κόπον.
1075 1414 1209 1494 ἄμεινον
1229 1417 1266 1481 δὲ
1286 1416 1401 1501 γόον,
1422 1417 1535 1499 ἵναμὴ

366 1520 592 1600 ὑπερπαθήκακ
613 1517 823 1597 καταράιηται
844 1518 987 1597 Ἀχιλλεῖ.
1010 1520 1043 1579 λ’.
1080 1518 1164 1590 Quod
1187 1520 1237 1581 hio
1251 1520 1368 1582 Rbiano
1391 1522 1536 1584 tribuitur
1652 1532 1653 1575 ι

367 1623 465 1688 κόλον
488 1642 557 1684 cum
580 1623 736 1684 commodo
751 1622 904 1684 intellectu
925 1638 1049 1701 prorsus
1070 1621 1244 1682 destitutum
1267 1625 1322 1693 sit,
1346 1624 1383 1685 ah
1407 1643 1442 1685 eo
1463 1643 1536 1704 pro·

366 1728 477 1788 tectum
500 1744 565 1787 esse
588 1728 688 1803 putari
711 1726 830 1804 nequit,
859 1726 1038 1801 praesertim
1061 1742 1129 1785 oum
1151 1724 1286 1785 codicem
1308 1726 1331 1784 V
1353 1725 1444 1787 otiam
1467 1725 1537 1789 aliis

365 1831 440 1890 locis
462 1828 564 1889 multis
586 1829 724 1888 vitiatum
747 1844 811 1887 csse
842 1832 972 1893 constet;
1003 1833 1158 1904 praeterea
1188 1828 1277 1887 etiam
1306 1824 1426 1907 κόπον,
1454 1830 1535 1907 quod

367 1931 419 1991 alii
443 1928 558 1990 dedisse
581 1929 735 1997 teruntur,
765 1928 906 1987 idoneum
929 1936 989 1998 est,
1013 1927 1091 2007 quod
1115 1934 1286 2005 suspectum
1314 1926 1442 2008 habeas,
1465 1949 1538 1991 nam
1653 1996 1654 2007 p

248 2086 256 2097 ,
346 2016 435 2092 'cum
458 2029 534 2108 apud
558 2030 720 2089 Homerum
743 2047 802 2087 non
825 2026 956 2104 legatur,
980 2035 1042 2089 tum
1065 2047 1136 2090 vero
1158 2028 1334 2109 plerumque
1357 2048 1445 2091 sensu
1467 2049 1537 2111 pas·

367 2135 430 2193 sivo
453 2131 660 2193 lassitudinem
682 2129 811 2199 indicat,
835 2148 894 2189 uno
917 2130 1065 2200 inversu,
1090 2133 1141 2210 qui
1164 2131 1222 2191 huo
1237 2132 1390 2210 pertinere
1405 2132 1537 2205 videtur,

367 2233 472 2294 Aesch.
496 2231 598 2310 Suppl.
624 2252 648 2291 v.
672 2228 883 2292 connumera
905 2231 1013 2309 plurali
1042 2234 1078 2291 de
1100 2230 1241 2310 plangore
1270 2231 1321 2293 illo
1343 2232 1457 2294 dictum
1480 2243 1537 2303 est,

367 2354 426 2414 quo
449 2336 564 2413 antiqui
588 2334 723 2395 homines
746 2351 913 2394 maerorem
936 2352 1022 2393 suum
1052 2334 1210 2412 designare
1233 2334 1378 2395 solebant.
1422 2334 1481 2396 Sed
1506 2345 1539 2397 ut

367 2457 404 2498 ex
426 2437 481 2497 bac
504 2436 609 2496 iudicii
633 2436 806 2497 difficultate
836 2452 890 2496 nos
918 2435 1126 2515 expediamus,
1156 2437 1271 2516 reliqua
1298 2455 1374 2517 quae
1397 2437 1538 2499 adhunc
1654 2418 1655 2425 ἵ

367 2558 485 2600 versum
517 2533 628 2601 uadlta
661 2544 731 2598 sunt
761 2536 873 2596 scholia
906 2538 938 2596 in
967 2536 1109 2596 auxilium
1140 2556 1289 2599 vocemus.
1333 2538 1369 2599 ut
1391 2539 1539 2619 Didymus

366 2642 485 2720 quidem
501 2639 665 2700 adnotavit:
689 2635 725 2702 ἔν
740 2658 797 2701 τικι
813 2636 934 2701 κότον
950 2634 989 2701 οὐ
1005 2635 1186 2716 κατερύκοι·
1202 2635 1334 2716 ἄμεινον
1350 2639 1386 2703 δὲ
1401 2639 1500 2718 χόλο
1510 2660 1538 2704 ν.
1590 2640 1593 2647 ’

367 2745 406 2814 λ;
438 2742 475 2803 ad
503 2740 706 2802 Herodianum
741 2741 912 2802 referuntur
940 2741 1029 2801 baec:
1067 2738 1183 2817 χόλον·
1211 2737 1410 2817 Ἡρωδιανὸς
1435 2741 1539 2818 γόον

366 2841 492 2922 γράφει.
525 2844 624 2906 ποῖον
645 2841 708 2919 γὰρ
735 2837 833 2904 οὗτοτ
860 2838 928 2918 εἶχε
950 2839 1069 2922 χόλον,
1102 2838 1190 2918 εἰμὴ
1220 2843 1345 2919 μᾶλλον
1371 2841 1471 2925 γόον;
1501 2845 1537 2907 B.

366 2946 410 3007 Ex
442 2946 491 3005 his
512 2951 609 3024 patet,
643 2944 861 3004 Aristarchi
895 2943 1069 3005 auctoritate
1099 2943 1246 3022 vulgatam
1279 2962 1345 3007 esse
1377 2947 1539 3009 lectionem

367 3045 507 3124 χόλον,
530 3065 598 3107 eum
628 3046 679 3106 alii
708 3041 821 3126 κότον,
850 3046 928 3124 qnod
959 3047 1034 3106 iram
1063 3046 1152 3106 etiam
1181 3048 1349 3123 graviorem
1376 3049 1539 3126 signifieat,

367 3148 461 3209 scribi
491 3148 626 3216 mallent,
656 3146 860 3207 Herodianum
888 3165 959 3206 vero
989 3148 1110 3208 reiectis
1139 3147 1187 3211 his
1213 3147 1393 3209 lectionibus
1420 3148 1541 3212 duabus

367 3248 448 3325 γόον
472 3250 813 3311 accommodatissimum
836 3267 901 3309 esse
925 3249 1074 3309 statuisse.
1113 3248 1172 3310 lam
1195 3268 1263 3310 cum
1286 3252 1313 3310 is
1333 3253 1385 3330 qui
1400 3251 1541 3317 scholion

368 3352 481 3413 codicis
502 3353 526 3412 V
547 3351 681 3430 scripsit,
711 3357 740 3410 et
769 3351 831 3428 ipse
854 3351 976 3410 reiectis
997 3350 1177 3411 lectionibus
1200 3332 1328 3422 duabus,
1357 3370 1431 3431 quas
1453 3372 1540 3417 com·

368 3455 558 3521 memoravit,
588 3452 757 3513 Herodiano
780 3451 959 3529 suffragetur
988 3459 1018 3511 ct
1047 3453 1095 3511 vir
1124 3452 1191 3513 aliis
1218 3453 1315 3532 iisque
1343 3452 1542 3518 uberioribus

367 3554 502 3615 lontibus
525 3555 567 3615 uti
582 3555 728 3631 potuerit,
752 3553 838 3613 facile
858 3554 1001 3613 nascitur·
1019 3553 1158 3631 suspitio,
1185 3552 1317 3617 ΚΟΛΟΝ
1341 3563 1369 3616 et
1394 3553 1540 3619 ΚΟΠΟΝ

368 3657 526 3734 depravata
548 3674 614 3717 esse
637 3674 672 3716 ex
696 3653 832 3718 ΧΟΛΟΝ
856 3662 885 3714 et
909 3652 1056 3724 ΚΟΤΟΝ,
1085 3673 1161 3735 quae
1183 3654 1322 3733 leguntur
1344 3657 1421 3735 apud
1443 3657 1542 3739 Didy-

368 3776 464 3828 mum,
488 3760 537 3819 cui
560 3757 679 3838 quidem
704 3758 863 3834 suspitioni
892 3757 991 3817 lavere
1014 3758 1103 3817 etiam
1133 3758 1280 3817 rationem
1308 3757 1541 3838 palaeographi-

366 3877 432 3920 cam
455 3860 523 3938 quis
545 3867 591 3920 est
613 3862 686 3939 quin
708 3858 825 3920 videat?
863 3857 942 3918 llaec
965 3876 1037 3918 vero
1060 3860 1086 3919 si
1109 3866 1191 3919 recte
1220 3861 1353 3920 coniecta
1383 3868 1466 3931 sunt,
1500 3863 1541 3923 ad

434 4110 479 4177 42)
498 4106 629 4163 Celerum
645 4107 735 4162 Maur.
753 4105 964 4163 Schmidtius
982 4107 1151 4180 suspicatur,
1169 4108 1310 4164 Rhianum
1321 4110 1430 4165 veteres
1447 4109 1543 4168 libros

367 4195 494 4248 secutum
512 4210 585 4261 esse,
604 4191 702 4246 Philol.
714 4192 753 4246 IX
769 4211 797 4263 p.
815 4200 878 4248 433:
899 4201 991 4249 ‘wenn
1006 4193 1130 4249 Rhianus
1147 4196 1215 4262 τάχ’
1232 4196 1332 4262 ἔμελλε
1349 4194 1399 4262 las,
1417 4212 1448 4250 so
1465 4196 1544 4253 fanu

368 4295 398 4332 er
415 4295 444 4332 es
455 4278 534 4332 eben
551 4278 580 4331 in
598 4276 688 4343 MSS„
713 4278 768 4332 und
785 4276 941 4344 Aristarcb,
971 4278 1021 4332 der
1045 4294 1074 4331 es
1097 4279 1168 4333 eben
1192 4295 1222 4333 so
1241 4280 1293 4351 gub
1311 4279 1403 4335 finden
1419 4280 1543 4350 honnte,

367 4362 482 4417 riettelte
500 4362 578 4416 nieht
595 4361 703 4417 daran)
886 4360 889 4364 ⁴
