<?xml version="1.0" encoding="UTF-8"?>
<!DOCTYPE html PUBLIC "-//W3C//DTD XHTML 1.0 Transitional//EN"
    "http://www.w3.org/TR/xhtml1/DTD/xhtml1-transitional.dtd">
<html xmlns="http://www.w3.org/1999/xhtml" xml:lang="en" lang="en">
 <head>
  <title>
</title>
<meta http-equiv="Content-Type" content="text/html;charset=utf-8" />
  <meta name='ocr-system' content='tesseract 3.04.00' />
  <meta name='ocr-capabilities' content='ocr_page ocr_carea ocr_par ocr_line ocrx_word'/>
</head>
<body>
  <div class='ocr_page' id='page_1' title='image "./derhianicretens00rhiagoog_0026.png"; bbox 0 0 3312 5226; ppageno 0'>
   <div class='ocr_carea' id='block_1_1' title="bbox 687 420 726 483">
    <p class='ocr_par' dir='ltr' id='par_1_1' title="bbox 687 420 726 483">
     <span class='ocr_line' id='line_1_1' title="bbox 687 420 726 483; baseline 0.026 -1"><span class='ocrx_word' id='word_1_1' title='bbox 687 420 726 483; x_wconf 88' lang='grc'><strong>19</strong></span> 
     </span>
    </p>
   </div>
   <div class='ocr_carea' id='block_1_2' title="bbox 120 606 1292 2420">
    <p class='ocr_par' dir='ltr' id='par_1_2' title="bbox 120 606 1292 1810">
     <span class='ocr_line' id='line_1_2' title="bbox 123 606 1290 691; baseline 0.003 -20"><span class='ocrx_word' id='word_1_2' title='bbox 123 608 329 687; x_wconf 83' lang='grc' dir='ltr'>Τελαμώνιοε</span> <span class='ocrx_word' id='word_1_3' title='bbox 350 607 427 672; x_wconf 87' lang='grc' dir='ltr'>Αίαε</span> <span class='ocrx_word' id='word_1_4' title='bbox 449 607 674 691; x_wconf 84' lang='grc' dir='ltr'>χερμαδίῳ.</span> <span class='ocrx_word' id='word_1_5' title='bbox 692 655 698 668; x_wconf 93' lang='grc'><strong>.</strong></span> <span class='ocrx_word' id='word_1_6' title='bbox 716 611 830 686; x_wconf 85' lang='grc' dir='ltr'>ειῆθοε</span> <span class='ocrx_word' id='word_1_7' title='bbox 853 608 1075 691; x_wconf 83' lang='grc' dir='ltr'>βεβλήκειν,</span> <span class='ocrx_word' id='word_1_8' title='bbox 1097 606 1160 671; x_wconf 93' lang='grc'><strong>428</strong></span> <span class='ocrx_word' id='word_1_9' title='bbox 1182 606 1290 675; x_wconf 86' lang='grc' dir='ltr'>ἐπεε’</span> 
     </span>
     <span class='ocr_line' id='line_1_3' title="bbox 121 707 1290 797; baseline 0.003 -24"><span class='ocrx_word' id='word_1_10' title='bbox 121 709 275 788; x_wconf 79' lang='grc' dir='ltr'>Ἕκτοροε</span> <span class='ocrx_word' id='word_1_11' title='bbox 298 707 366 773; x_wconf 83' lang='grc' dir='ltr'><strong>ὦκα</strong></span> <span class='ocrx_word' id='word_1_12' title='bbox 388 710 485 788; x_wconf 89' lang='grc' dir='ltr'>χαμαὶ</span> <span class='ocrx_word' id='word_1_13' title='bbox 513 708 667 789; x_wconf 78' lang='grc' dir='ltr'>μένοι-ἐν</span> <span class='ocrx_word' id='word_1_14' title='bbox 690 710 846 793; x_wconf 85' lang='grc' dir='ltr'>κονίῃειν,</span> <span class='ocrx_word' id='word_1_15' title='bbox 875 707 936 772; x_wconf 86' lang='grc'><strong>421</strong></span> <span class='ocrx_word' id='word_1_16' title='bbox 961 708 993 773; x_wconf 83' lang='lat' dir='ltr'><strong>oi</strong></span> <span class='ocrx_word' id='word_1_17' title='bbox 1021 710 1057 774; x_wconf 82' lang='grc' dir='ltr'><strong>δὲ</strong></span> <span class='ocrx_word' id='word_1_18' title='bbox 1079 710 1160 790; x_wconf 87' lang='grc' dir='ltr'>μέγα</span> <span class='ocrx_word' id='word_1_19' title='bbox 1182 709 1290 797; x_wconf 87' lang='grc' dir='ltr'>ἰάχον-</span> 
     </span>
     <span class='ocr_line' id='line_1_4' title="bbox 121 809 1291 900; baseline 0.003 -25"><span class='ocrx_word' id='word_1_20' title='bbox 121 831 173 875; x_wconf 88' lang='grc' dir='ltr'><strong>τεε</strong></span> <span class='ocrx_word' id='word_1_21' title='bbox 195 810 424 891; x_wconf 88' lang='grc' dir='ltr'>ἐπέδραμον</span> <span class='ocrx_word' id='word_1_22' title='bbox 447 809 514 875; x_wconf 76' lang='lat' dir='ltr'><strong>oisc</strong></span> <span class='ocrx_word' id='word_1_23' title='bbox 540 810 678 890; x_wconf 83' lang='grc' dir='ltr'>Ἀχαιῶν</span> <span class='ocrx_word' id='word_1_24' title='bbox 701 810 873 891; x_wconf 81' lang='grc' dir='ltr'>ἐλπόμενοι</span> <span class='ocrx_word' id='word_1_25' title='bbox 903 811 1063 900; x_wconf 82' lang='grc' dir='ltr'>ἐρύεεθαι,</span> <span class='ocrx_word' id='word_1_26' title='bbox 1090 810 1153 876; x_wconf 90' lang='grc'><strong>438</strong></span> <span class='ocrx_word' id='word_1_27' title='bbox 1175 814 1227 878; x_wconf 87' lang='grc' dir='ltr'><strong>τὼ</strong></span> <span class='ocrx_word' id='word_1_28' title='bbox 1250 813 1291 878; x_wconf 85' lang='grc' dir='ltr'><strong>δέ</strong></span> 
     </span>
     <span class='ocr_line' id='line_1_5' title="bbox 122 911 1291 994; baseline 0.002 -19"><span class='ocrx_word' id='word_1_29' title='bbox 122 911 158 976; x_wconf 87' lang='grc' dir='ltr'><strong>οἱ</strong></span> <span class='ocrx_word' id='word_1_30' title='bbox 180 911 270 978; x_wconf 83' lang='grc' dir='ltr'>ὄεεε</span> <span class='ocrx_word' id='word_1_31' title='bbox 293 913 361 980; x_wconf 82' lang='grc' dir='ltr'><strong>νὺξ</strong></span> <span class='ocrx_word' id='word_1_32' title='bbox 384 912 561 990; x_wconf 86' lang='grc' dir='ltr'>ἐκάλυψε</span> <span class='ocrx_word' id='word_1_33' title='bbox 583 912 731 992; x_wconf 85' lang='grc' dir='ltr'>μέλαινα·</span> <span class='ocrx_word' id='word_1_34' title='bbox 757 912 851 992; x_wconf 83' lang='grc' dir='ltr'>βέλοε</span> <span class='ocrx_word' id='word_1_35' title='bbox 873 912 907 977; x_wconf 78' lang='grc' dir='ltr'><strong>δ’</strong></span> <span class='ocrx_word' id='word_1_36' title='bbox 929 912 975 977; x_wconf 84' lang='grc' dir='ltr'><strong>ἐτι</strong></span> <span class='ocrx_word' id='word_1_37' title='bbox 998 913 1120 992; x_wconf 84' lang='grc' dir='ltr'>θυμόν</span> <span class='ocrx_word' id='word_1_38' title='bbox 1142 913 1291 994; x_wconf 82' lang='grc' dir='ltr'>ἐδάμνα</span> 
     </span>
     <span class='ocr_line' id='line_1_6' title="bbox 123 1013 1291 1095; baseline 0.003 -18"><span class='ocrx_word' id='word_1_39' title='bbox 123 1035 191 1078; x_wconf 91' lang='lat' dir='ltr'><strong>cum</strong></span> <span class='ocrx_word' id='word_1_40' title='bbox 219 1017 282 1087; x_wconf 89' lang='lat' dir='ltr'><strong>his,</strong></span> <span class='ocrx_word' id='word_1_41' title='bbox 311 1034 387 1095; x_wconf 89' lang='lat' dir='ltr'><strong>quae</strong></span> <span class='ocrx_word' id='word_1_42' title='bbox 410 1016 574 1077; x_wconf 80' lang='lat' dir='ltr'><strong>Pausanias</strong></span> <span class='ocrx_word' id='word_1_43' title='bbox 601 1014 778 1076; x_wconf 87' lang='lat' dir='ltr'><strong>brevissime</strong></span> <span class='ocrx_word' id='word_1_44' title='bbox 800 1016 915 1085; x_wconf 85' lang='lat' dir='ltr'><strong>indicat</strong></span> <span class='ocrx_word' id='word_1_45' title='bbox 939 1013 993 1088; x_wconf 82' lang='grc'><strong>18,</strong></span> <span class='ocrx_word' id='word_1_46' title='bbox 1022 1014 1059 1076; x_wconf 88' lang='lat'><strong>4:</strong></span> <span class='ocrx_word' id='word_1_47' title='bbox 1097 1015 1291 1093; x_wconf 85' lang='grc' dir='ltr'>πληγέντι</span> 
     </span>
     <span class='ocr_line' id='line_1_7' title="bbox 122 1113 1290 1199; baseline 0.003 -21"><span class='ocrx_word' id='word_1_48' title='bbox 122 1115 199 1181; x_wconf 85' lang='grc' dir='ltr'><strong>ὑπὸ</strong></span> <span class='ocrx_word' id='word_1_49' title='bbox 224 1116 337 1180; x_wconf 86' lang='grc' dir='ltr'>λίθον</span> <span class='ocrx_word' id='word_1_50' title='bbox 359 1115 417 1194; x_wconf 86' lang='grc' dir='ltr'><strong>τὴν</strong></span> <span class='ocrx_word' id='word_1_51' title='bbox 440 1115 584 1195; x_wconf 88' lang='grc' dir='ltr'>κεφαλὴν</span> <span class='ocrx_word' id='word_1_52' title='bbox 613 1113 717 1199; x_wconf 83' lang='grc' dir='ltr'>αὐτῷ</span> <span class='ocrx_word' id='word_1_53' title='bbox 746 1117 1054 1181; x_wconf 83' lang='grc' dir='ltr'>εκοτοδινιῶειν</span> <span class='ocrx_word' id='word_1_54' title='bbox 1083 1115 1118 1180; x_wconf 82' lang='grc' dir='ltr'><strong>οἱ</strong></span> <span class='ocrx_word' id='word_1_55' title='bbox 1141 1115 1290 1196; x_wconf 86' lang='grc' dir='ltr'>ὀφθαλ-</span> 
     </span>
     <span class='ocr_line' id='line_1_8' title="bbox 122 1215 1291 1299; baseline -0.001 -16"><span class='ocrx_word' id='word_1_56' title='bbox 122 1220 190 1299; x_wconf 90' lang='grc' dir='ltr'><strong>μοὶ</strong></span> <span class='ocrx_word' id='word_1_57' title='bbox 212 1218 262 1282; x_wconf 88' lang='grc' dir='ltr'><strong>καὶ</strong></span> <span class='ocrx_word' id='word_1_58' title='bbox 290 1217 462 1283; x_wconf 83' lang='grc' dir='ltr'>πεεόντα</span> <span class='ocrx_word' id='word_1_59' title='bbox 484 1217 597 1295; x_wconf 84' lang='grc' dir='ltr'>ἀθρόοι</span> <span class='ocrx_word' id='word_1_60' title='bbox 625 1221 690 1282; x_wconf 84' lang='grc' dir='ltr'><strong>τῶν</strong></span> <span class='ocrx_word' id='word_1_61' title='bbox 713 1215 972 1297; x_wconf 82' lang='grc' dir='ltr'>Λακεδαιμονίων</span> <span class='ocrx_word' id='word_1_62' title='bbox 1003 1217 1291 1298; x_wconf 86' lang='grc' dir='ltr'>ἐπιδραμόντεε</span> 
     </span>
     <span class='ocr_line' id='line_1_9' title="bbox 120 1317 1291 1400; baseline 0 -15"><span class='ocrx_word' id='word_1_63' title='bbox 120 1325 227 1386; x_wconf 88' lang='grc' dir='ltr'>Ζῶντα</span> <span class='ocrx_word' id='word_1_64' title='bbox 248 1318 399 1398; x_wconf 74' lang='lat' dir='ltr'><strong>utpotae.</strong></span> <span class='ocrx_word' id='word_1_65' title='bbox 442 1321 480 1381; x_wconf 81' lang='lat' dir='ltr'><strong>m</strong></span> <span class='ocrx_word' id='word_1_66' title='bbox 502 1320 580 1382; x_wconf 87' lang='lat' dir='ltr'><strong>haud</strong></span> <span class='ocrx_word' id='word_1_67' title='bbox 604 1324 666 1382; x_wconf 89' lang='lat' dir='ltr'><strong>scio</strong></span> <span class='ocrx_word' id='word_1_68' title='bbox 689 1339 726 1381; x_wconf 90' lang='lat' dir='ltr'><strong>an</strong></span> <span class='ocrx_word' id='word_1_69' title='bbox 748 1321 911 1382; x_wconf 87' lang='lat' dir='ltr'><strong>Pausanias</strong></span> <span class='ocrx_word' id='word_1_70' title='bbox 940 1321 1041 1382; x_wconf 85' lang='lat' dir='ltr'><strong>verbis</strong></span> <span class='ocrx_word' id='word_1_71' title='bbox 1062 1317 1121 1400; x_wconf 84' lang='grc'><strong>21,</strong></span> <span class='ocrx_word' id='word_1_72' title='bbox 1143 1318 1164 1382; x_wconf 82' lang='lat'><em>2</em></span> <span class='ocrx_word' id='word_1_73' title='bbox 1187 1321 1233 1386; x_wconf 80' lang='grc' dir='ltr'>ὼε</span> <span class='ocrx_word' id='word_1_74' title='bbox 1255 1320 1291 1385; x_wconf 92' lang='grc' dir='ltr'><strong>ἐν</strong></span> 
     </span>
     <span class='ocr_line' id='line_1_10' title="bbox 121 1419 1292 1503; baseline -0.001 -17"><span class='ocrx_word' id='word_1_75' title='bbox 121 1421 260 1487; x_wconf 83' lang='grc' dir='ltr'>δικτύοιε</span> <span class='ocrx_word' id='word_1_76' title='bbox 282 1421 358 1485; x_wconf 82' lang='grc' dir='ltr'>εἰείν</span> <span class='ocrx_word' id='word_1_77' title='bbox 382 1419 564 1503; x_wconf 83' lang='grc' dir='ltr'>ἐεχημένοι,</span> <span class='ocrx_word' id='word_1_78' title='bbox 587 1422 697 1502; x_wconf 89' lang='lat' dir='ltr'><strong>quibus</strong></span> <span class='ocrx_word' id='word_1_79' title='bbox 720 1421 860 1484; x_wconf 88' lang='lat' dir='ltr'><strong>Messenii</strong></span> <span class='ocrx_word' id='word_1_80' title='bbox 891 1425 971 1503; x_wconf 87' lang='lat' dir='ltr'><strong>omni</strong></span> <span class='ocrx_word' id='word_1_81' title='bbox 1000 1442 1052 1502; x_wconf 92' lang='lat' dir='ltr'><strong>spe</strong></span> <span class='ocrx_word' id='word_1_82' title='bbox 1075 1423 1178 1485; x_wconf 91' lang='lat' dir='ltr'><strong>salutis</strong></span> <span class='ocrx_word' id='word_1_83' title='bbox 1200 1423 1292 1485; x_wconf 88' lang='lat' dir='ltr'><strong>desti-</strong></span> 
     </span>
     <span class='ocr_line' id='line_1_11' title="bbox 121 1523 1291 1608; baseline -0.001 -21"><span class='ocrx_word' id='word_1_84' title='bbox 121 1529 177 1599; x_wconf 83' lang='lat' dir='ltr'><strong>tuti</strong></span> <span class='ocrx_word' id='word_1_85' title='bbox 200 1527 285 1606; x_wconf 86' lang='lat' dir='ltr'><strong>quasi</strong></span> <span class='ocrx_word' id='word_1_86' title='bbox 308 1525 407 1604; x_wconf 83' lang='lat' dir='ltr'><strong>pisces</strong></span> <span class='ocrx_word' id='word_1_87' title='bbox 429 1523 546 1601; x_wconf 86' lang='lat' dir='ltr'><strong>retibus</strong></span> <span class='ocrx_word' id='word_1_88' title='bbox 568 1524 700 1601; x_wconf 87' lang='lat' dir='ltr'><strong>undique</strong></span> <span class='ocrx_word' id='word_1_89' title='bbox 723 1525 919 1585; x_wconf 87' lang='lat' dir='ltr'><strong>circumventi</strong></span> <span class='ocrx_word' id='word_1_90' title='bbox 947 1525 1156 1605; x_wconf 81' lang='lat' dir='ltr'><strong>designantur,</strong></span> <span class='ocrx_word' id='word_1_91' title='bbox 1186 1527 1291 1608; x_wconf 79' lang='lat' dir='ltr'><strong>imagi·</strong></span> 
     </span>
     <span class='ocr_line' id='line_1_12' title="bbox 121 1625 1292 1706; baseline -0.002 -16"><span class='ocrx_word' id='word_1_92' title='bbox 121 1646 190 1697; x_wconf 88' lang='lat' dir='ltr'><strong>nem</strong></span> <span class='ocrx_word' id='word_1_93' title='bbox 221 1627 383 1687; x_wconf 75' lang='lat' dir='ltr'><strong>retinuerit</strong></span> <span class='ocrx_word' id='word_1_94' title='bbox 413 1644 428 1685; x_wconf 94' lang='lat' dir='ltr'><strong>a</strong></span> <span class='ocrx_word' id='word_1_95' title='bbox 452 1625 568 1686; x_wconf 86' lang='lat' dir='ltr'><strong>Rhiauo</strong></span> <span class='ocrx_word' id='word_1_96' title='bbox 598 1625 723 1687; x_wconf 87' lang='lat' dir='ltr'><strong>uberius</strong></span> <span class='ocrx_word' id='word_1_97' title='bbox 751 1635 939 1696; x_wconf 79' lang='lat' dir='ltr'><strong>exornatam,</strong></span> <span class='ocrx_word' id='word_1_98' title='bbox 968 1645 1027 1706; x_wconf 87' lang='lat' dir='ltr'><strong>qua</strong></span> <span class='ocrx_word' id='word_1_99' title='bbox 1056 1628 1116 1687; x_wconf 89' lang='lat' dir='ltr'><strong>iam</strong></span> <span class='ocrx_word' id='word_1_100' title='bbox 1144 1626 1292 1688; x_wconf 83' lang='lat' dir='ltr'><strong>Honrerus</strong></span> 
     </span>
     <span class='ocr_line' id='line_1_13' title="bbox 122 1712 708 1810; baseline -0.009 -19"><span class='ocrx_word' id='word_1_101' title='bbox 122 1730 221 1810; x_wconf 88' lang='lat' dir='ltr'><strong>aliqua</strong></span> <span class='ocrx_word' id='word_1_102' title='bbox 245 1747 281 1790; x_wconf 83' lang='lat' dir='ltr'><strong>ex</strong></span> <span class='ocrx_word' id='word_1_103' title='bbox 303 1737 389 1808; x_wconf 89' lang='lat' dir='ltr'><strong>parte</strong></span> <span class='ocrx_word' id='word_1_104' title='bbox 412 1746 432 1805; x_wconf 99' lang='grc' dir='ltr'>χ</span> <span class='ocrx_word' id='word_1_105' title='bbox 454 1723 518 1788; x_wconf 89' lang='grc'><strong>384</strong></span> <span class='ocrx_word' id='word_1_106' title='bbox 540 1712 614 1787; x_wconf 86' lang='lat' dir='ltr'><strong>usus</strong></span> <span class='ocrx_word' id='word_1_107' title='bbox 636 1735 708 1787; x_wconf 89' lang='lat' dir='ltr'><strong>erat.</strong></span> 
     </span>
    </p>

    <p class='ocr_par' dir='ltr' id='par_1_3' title="bbox 120 1828 1291 2213">
     <span class='ocr_line' id='line_1_14' title="bbox 207 1828 1291 1892; baseline 0.001 -1"><span class='ocrx_word' id='word_1_108' title='bbox 207 1831 245 1892; x_wconf 85' lang='lat' dir='ltr'><strong>Et</strong></span> <span class='ocrx_word' id='word_1_109' title='bbox 271 1833 315 1890; x_wconf 90' lang='lat' dir='ltr'><strong>sic</strong></span> <span class='ocrx_word' id='word_1_110' title='bbox 343 1832 409 1891; x_wconf 87' lang='lat' dir='ltr'><strong>sinc</strong></span> <span class='ocrx_word' id='word_1_111' title='bbox 437 1828 528 1890; x_wconf 83' lang='lat' dir='ltr'><strong>dubio</strong></span> <span class='ocrx_word' id='word_1_112' title='bbox 557 1829 613 1890; x_wconf 84' lang='lat' dir='ltr'><strong>alia</strong></span> <span class='ocrx_word' id='word_1_113' title='bbox 641 1829 732 1890; x_wconf 88' lang='lat' dir='ltr'><strong>multa</strong></span> <span class='ocrx_word' id='word_1_114' title='bbox 767 1831 803 1891; x_wconf 88' lang='lat' dir='ltr'><strong>ad</strong></span> <span class='ocrx_word' id='word_1_115' title='bbox 833 1830 956 1891; x_wconf 83' lang='lat' dir='ltr'><strong>Homeri</strong></span> <span class='ocrx_word' id='word_1_116' title='bbox 976 1830 1211 1892; x_wconf 87' lang='lat' dir='ltr'><strong>similitudinem</strong></span> <span class='ocrx_word' id='word_1_117' title='bbox 1240 1850 1291 1892; x_wconf 84' lang='lat' dir='ltr'><strong>ex·</strong></span> 
     </span>
     <span class='ocr_line' id='line_1_15' title="bbox 120 1931 1291 2013; baseline 0 -20"><span class='ocrx_word' id='word_1_118' title='bbox 120 1934 246 2013; x_wconf 85' lang='lat' dir='ltr'><strong>pressit,</strong></span> <span class='ocrx_word' id='word_1_119' title='bbox 271 1933 323 1992; x_wconf 85' lang='lat' dir='ltr'><strong>sed</strong></span> <span class='ocrx_word' id='word_1_120' title='bbox 347 1951 381 1992; x_wconf 91' lang='lat' dir='ltr'><strong>ea</strong></span> <span class='ocrx_word' id='word_1_121' title='bbox 404 1950 473 1992; x_wconf 91' lang='lat' dir='ltr'><strong>cum</strong></span> <span class='ocrx_word' id='word_1_122' title='bbox 496 1933 574 1991; x_wconf 88' lang='lat' dir='ltr'><strong>scire</strong></span> <span class='ocrx_word' id='word_1_123' title='bbox 597 1950 656 1991; x_wconf 90' lang='lat' dir='ltr'><strong>non</strong></span> <span class='ocrx_word' id='word_1_124' title='bbox 680 1932 845 2011; x_wconf 90' lang='lat' dir='ltr'><strong>possimus,</strong></span> <span class='ocrx_word' id='word_1_125' title='bbox 869 1950 949 1992; x_wconf 92' lang='lat' dir='ltr'><strong>nunc</strong></span> <span class='ocrx_word' id='word_1_126' title='bbox 971 1931 1187 2009; x_wconf 84' lang='lat' dir='ltr'><strong>perlustremus</strong></span> <span class='ocrx_word' id='word_1_127' title='bbox 1209 1952 1291 1993; x_wconf 87' lang='lat' dir='ltr'><strong>ver-</strong></span> 
     </span>
     <span class='ocr_line' id='line_1_16' title="bbox 122 2033 1291 2114; baseline -0.001 -18"><span class='ocrx_word' id='word_1_128' title='bbox 122 2033 248 2111; x_wconf 84' lang='lat' dir='ltr'><strong>borum</strong></span> <span class='ocrx_word' id='word_1_129' title='bbox 282 2036 495 2102; x_wconf 88' lang='lat' dir='ltr'><strong>imitationem,</strong></span> <span class='ocrx_word' id='word_1_130' title='bbox 532 2042 675 2112; x_wconf 87' lang='lat' dir='ltr'><strong>quantum</strong></span> <span class='ocrx_word' id='word_1_131' title='bbox 704 2033 826 2113; x_wconf 87' lang='lat' dir='ltr'><strong>quidem</strong></span> <span class='ocrx_word' id='word_1_132' title='bbox 855 2036 993 2111; x_wconf 84' lang='lat' dir='ltr'><strong>cognosci</strong></span> <span class='ocrx_word' id='word_1_133' title='bbox 1023 2040 1122 2113; x_wconf 89' lang='lat' dir='ltr'><strong>potest</strong></span> <span class='ocrx_word' id='word_1_134' title='bbox 1149 2053 1184 2096; x_wconf 87' lang='lat' dir='ltr'><strong>ex</strong></span> <span class='ocrx_word' id='word_1_135' title='bbox 1212 2034 1291 2114; x_wconf 78' lang='lat' dir='ltr'><strong>frag-</strong></span> 
     </span>
     <span class='ocr_line' id='line_1_17' title="bbox 121 2139 474 2213; baseline -0.003 -17"><span class='ocrx_word' id='word_1_136' title='bbox 121 2143 291 2197; x_wconf 85' lang='lat' dir='ltr'><strong>mentorum</strong></span> <span class='ocrx_word' id='word_1_137' title='bbox 313 2139 474 2213; x_wconf 88' lang='lat' dir='ltr'><strong>paucitate.</strong></span> 
     </span>
    </p>

    <p class='ocr_par' dir='ltr' id='par_1_4' title="bbox 123 2233 1292 2420">
     <span class='ocr_line' id='line_1_18' title="bbox 207 2233 1292 2320; baseline 0.003 -23"><span class='ocrx_word' id='word_1_138' title='bbox 207 2240 303 2318; x_wconf 78' lang='lat' dir='ltr'><strong>Atque</strong></span> <span class='ocrx_word' id='word_1_139' title='bbox 325 2239 357 2296; x_wconf 92' lang='lat' dir='ltr'><strong>iu</strong></span> <span class='ocrx_word' id='word_1_140' title='bbox 381 2256 396 2297; x_wconf 87' lang='lat' dir='ltr'><strong>e</strong></span> <span class='ocrx_word' id='word_1_141' title='bbox 405 2239 576 2316; x_wconf 92' lang='lat' dir='ltr'><strong>picorum</strong></span> <span class='ocrx_word' id='word_1_142' title='bbox 599 2237 720 2316; x_wconf 88' lang='lat' dir='ltr'><strong>quidem</strong></span> <span class='ocrx_word' id='word_1_143' title='bbox 742 2233 993 2320; x_wconf 84' lang='lat' dir='ltr'><strong>carminum¹⁴)</strong></span> <span class='ocrx_word' id='word_1_144' title='bbox 1017 2239 1154 2318; x_wconf 89' lang='lat' dir='ltr'><strong>reliquiis</strong></span> <span class='ocrx_word' id='word_1_145' title='bbox 1170 2246 1292 2318; x_wconf 87' lang='lat' dir='ltr'><strong>praeter</strong></span> 
     </span>
     <span class='ocr_line' id='line_1_19' title="bbox 123 2336 1291 2420; baseline 0.003 -21"><span class='ocrx_word' id='word_1_146' title='bbox 123 2339 197 2400; x_wconf 89' lang='lat' dir='ltr'><strong>duas</strong></span> <span class='ocrx_word' id='word_1_147' title='bbox 218 2340 331 2399; x_wconf 87' lang='lat' dir='ltr'><strong>iormas</strong></span> <span class='ocrx_word' id='word_1_148' title='bbox 353 2337 473 2399; x_wconf 87' lang='lat' dir='ltr'><strong>doricas</strong></span> <span class='ocrx_word' id='word_1_149' title='bbox 494 2336 639 2418; x_wconf 85' lang='grc' dir='ltr'>ἐφάτιξε,</span> <span class='ocrx_word' id='word_1_150' title='bbox 670 2358 759 2419; x_wconf 87' lang='lat' dir='ltr'><strong>quam</strong></span> <span class='ocrx_word' id='word_1_151' title='bbox 781 2339 948 2400; x_wconf 77' lang='lat' dir='ltr'><strong>Meineiiius</strong></span> <span class='ocrx_word' id='word_1_152' title='bbox 976 2343 1113 2419; x_wconf 90' lang='lat' dir='ltr'><strong>reposuit</strong></span> <span class='ocrx_word' id='word_1_153' title='bbox 1135 2359 1191 2420; x_wconf 94' lang='lat' dir='ltr'><strong>pro</strong></span> <span class='ocrx_word' id='word_1_154' title='bbox 1214 2339 1291 2419; x_wconf 88' lang='grc' dir='ltr'>ἐφά-</span> 
     </span>
    </p>
   </div>
   <div class='ocr_carea' id='block_1_3' title="bbox 121 2435 1358 2521">
    <p class='ocr_par' dir='ltr' id='par_1_5' title="bbox 121 2435 1358 2521">
     <span class='ocr_line' id='line_1_20' title="bbox 121 2435 1358 2521; baseline 0 -19"><span class='ocrx_word' id='word_1_155' title='bbox 121 2443 186 2503; x_wconf 82' lang='grc' dir='ltr'>τιζε</span> <span class='ocrx_word' id='word_1_156' title='bbox 209 2442 241 2500; x_wconf 83' lang='grc' dir='ltr'><strong>Α.</strong></span> <span class='ocrx_word' id='word_1_157' title='bbox 267 2435 347 2518; x_wconf 81' lang='lat'><strong>1¹⁵),</strong></span> <span class='ocrx_word' id='word_1_158' title='bbox 373 2447 403 2499; x_wconf 88' lang='lat' dir='ltr'><strong>et</strong></span> <span class='ocrx_word' id='word_1_159' title='bbox 423 2438 676 2518; x_wconf 83' lang='grc' dir='ltr'>μετεφημίξαντο</span> <span class='ocrx_word' id='word_1_160' title='bbox 699 2440 754 2500; x_wconf 85' lang='lat' dir='ltr'><strong>Th.</strong></span> <span class='ocrx_word' id='word_1_161' title='bbox 773 2437 838 2508; x_wconf 86' lang='lat'><strong>1,5</strong></span> <span class='ocrx_word' id='word_1_162' title='bbox 860 2441 1028 2501; x_wconf 85' lang='lat' dir='ltr'><strong>dialecto</strong></span> <span class='ocrx_word' id='word_1_163' title='bbox 1051 2460 1170 2521; x_wconf 89' lang='lat' dir='ltr'><strong>semper</strong></span> <span class='ocrx_word' id='word_1_164' title='bbox 1192 2442 1290 2503; x_wconf 90' lang='lat' dir='ltr'><strong>Ionica</strong></span> <span class='ocrx_word' id='word_1_165' title='bbox 1356 2464 1358 2475; x_wconf 67' lang='lat'>¹</span> 
     </span>
    </p>
   </div>
   <div class='ocr_carea' id='block_1_4' title="bbox 120 2538 1292 3431">
    <p class='ocr_par' dir='ltr' id='par_1_6' title="bbox 120 2538 1292 3431">
     <span class='ocr_line' id='line_1_21' title="bbox 125 2538 1291 2621; baseline 0.005 -21"><span class='ocrx_word' id='word_1_166' title='bbox 125 2559 160 2600; x_wconf 91' lang='lat' dir='ltr'><strong>ea</strong></span> <span class='ocrx_word' id='word_1_167' title='bbox 183 2558 242 2619; x_wconf 89' lang='lat' dir='ltr'><strong>qua</strong></span> <span class='ocrx_word' id='word_1_168' title='bbox 264 2538 412 2600; x_wconf 88' lang='lat' dir='ltr'><strong>Homerus</strong></span> <span class='ocrx_word' id='word_1_169' title='bbox 440 2558 511 2601; x_wconf 87' lang='lat' dir='ltr'><strong>usus</strong></span> <span class='ocrx_word' id='word_1_170' title='bbox 539 2549 598 2601; x_wconf 90' lang='lat' dir='ltr'><strong>est:</strong></span> <span class='ocrx_word' id='word_1_171' title='bbox 636 2541 667 2601; x_wconf 93' lang='lat' dir='ltr'><strong>id</strong></span> <span class='ocrx_word' id='word_1_172' title='bbox 695 2541 775 2621; x_wconf 87' lang='lat' dir='ltr'><strong>quod</strong></span> <span class='ocrx_word' id='word_1_173' title='bbox 805 2543 878 2602; x_wconf 88' lang='lat' dir='ltr'><strong>satis</strong></span> <span class='ocrx_word' id='word_1_174' title='bbox 905 2541 1014 2602; x_wconf 87' lang='lat' dir='ltr'><strong>docent</strong></span> <span class='ocrx_word' id='word_1_175' title='bbox 1041 2542 1183 2604; x_wconf 87' lang='lat' dir='ltr'><strong>vocabula</strong></span> <span class='ocrx_word' id='word_1_176' title='bbox 1211 2543 1291 2621; x_wconf 90' lang='grc' dir='ltr'>νηόν</span> 
     </span>
     <span class='ocr_line' id='line_1_22' title="bbox 121 2637 1291 2722; baseline 0.004 -20"><span class='ocrx_word' id='word_1_177' title='bbox 121 2641 178 2702; x_wconf 85' lang='lat' dir='ltr'><strong>Th.</strong></span> <span class='ocrx_word' id='word_1_178' title='bbox 204 2639 258 2710; x_wconf 79' lang='lat'><strong>17,</strong></span> <span class='ocrx_word' id='word_1_179' title='bbox 283 2637 410 2719; x_wconf 75' lang='lat' dir='ltr'><strong>cinopo</strong></span> <span class='ocrx_word' id='word_1_180' title='bbox 432 2641 453 2700; x_wconf 88' lang='grc' dir='ltr'><strong>Ι.</strong></span> <span class='ocrx_word' id='word_1_181' title='bbox 477 2638 512 2711; x_wconf 89' lang='grc'><strong>3,</strong></span> <span class='ocrx_word' id='word_1_182' title='bbox 536 2639 749 2721; x_wconf 82' lang='grc' dir='ltr'>Οὔλυμπόνδε</span> <span class='ocrx_word' id='word_1_183' title='bbox 771 2642 793 2702; x_wconf 93' lang='grc' dir='ltr'><strong>Ι.</strong></span> <span class='ocrx_word' id='word_1_184' title='bbox 810 2641 844 2713; x_wconf 92' lang='grc'><strong>1,</strong></span> <span class='ocrx_word' id='word_1_185' title='bbox 869 2639 924 2713; x_wconf 83' lang='lat'><strong>15,</strong></span> <span class='ocrx_word' id='word_1_186' title='bbox 947 2642 1067 2721; x_wconf 86' lang='grc' dir='ltr'>τρηχύν</span> <span class='ocrx_word' id='word_1_187' title='bbox 1091 2644 1128 2705; x_wconf 88' lang='grc' dir='ltr'><strong>Μ.</strong></span> <span class='ocrx_word' id='word_1_188' title='bbox 1152 2642 1187 2714; x_wconf 89' lang='grc'><strong>3,</strong></span> <span class='ocrx_word' id='word_1_189' title='bbox 1211 2643 1291 2722; x_wconf 89' lang='grc' dir='ltr'>κρεί-</span> 
     </span>
     <span class='ocr_line' id='line_1_23' title="bbox 122 2739 1292 2823; baseline 0.003 -17"><span class='ocrx_word' id='word_1_190' title='bbox 122 2761 194 2806; x_wconf 91' lang='grc' dir='ltr'>οντι</span> <span class='ocrx_word' id='word_1_191' title='bbox 222 2741 305 2813; x_wconf 81' lang='grc'><strong>11,</strong></span> <span class='ocrx_word' id='word_1_192' title='bbox 333 2739 390 2813; x_wconf 89' lang='grc'><strong>21,</strong></span> <span class='ocrx_word' id='word_1_193' title='bbox 426 2740 493 2806; x_wconf 89' lang='grc' dir='ltr'><strong>δύω</strong></span> <span class='ocrx_word' id='word_1_194' title='bbox 521 2743 557 2805; x_wconf 88' lang='grc' dir='ltr'><strong>Μ,</strong></span> <span class='ocrx_word' id='word_1_195' title='bbox 580 2741 619 2823; x_wconf 77' lang='grc'><strong>2;</strong></span> <span class='ocrx_word' id='word_1_196' title='bbox 651 2744 761 2811; x_wconf 80' lang='lat' dir='ltr'><strong>deinde</strong></span> <span class='ocrx_word' id='word_1_197' title='bbox 790 2744 1025 2808; x_wconf 83' lang='lat' dir='ltr'><strong>declinationum</strong></span> <span class='ocrx_word' id='word_1_198' title='bbox 1053 2747 1167 2807; x_wconf 84' lang='lat' dir='ltr'><strong>formae</strong></span> <span class='ocrx_word' id='word_1_199' title='bbox 1196 2748 1292 2821; x_wconf 84' lang='grc' dir='ltr'>γαῖαν</span> 
     </span>
     <span class='ocr_line' id='line_1_24' title="bbox 121 2841 1291 2929; baseline 0.003 -22"><span class='ocrx_word' id='word_1_200' title='bbox 121 2845 144 2910; x_wconf 90' lang='grc' dir='ltr'><strong>Ι.</strong></span> <span class='ocrx_word' id='word_1_201' title='bbox 176 2843 209 2915; x_wconf 93' lang='grc'><strong>1,</strong></span> <span class='ocrx_word' id='word_1_202' title='bbox 239 2841 297 2916; x_wconf 94' lang='grc'><strong>21,</strong></span> <span class='ocrx_word' id='word_1_203' title='bbox 335 2842 462 2922; x_wconf 87' lang='grc' dir='ltr'>εὐχάων</span> <span class='ocrx_word' id='word_1_204' title='bbox 484 2845 553 2914; x_wconf 89' lang='lat' dir='ltr'><strong>Ph.‚</strong></span> <span class='ocrx_word' id='word_1_205' title='bbox 588 2843 720 2928; x_wconf 83' lang='grc' dir='ltr'>Ὀξείῃει</span> <span class='ocrx_word' id='word_1_206' title='bbox 748 2845 804 2906; x_wconf 85' lang='lat' dir='ltr'><strong>Th.</strong></span> <span class='ocrx_word' id='word_1_207' title='bbox 836 2844 891 2918; x_wconf 86' lang='lat'><strong>11,</strong></span> <span class='ocrx_word' id='word_1_208' title='bbox 926 2845 1023 2929; x_wconf 79' lang='grc' dir='ltr'>ἄκρῃ(</span> <span class='ocrx_word' id='word_1_209' title='bbox 1054 2845 1089 2909; x_wconf 93' lang='grc' dir='ltr'><strong>ἐν</strong></span> <span class='ocrx_word' id='word_1_210' title='bbox 1117 2848 1291 2929; x_wconf 83' lang='grc' dir='ltr'>κεφαλῇειν</span> 
     </span>
     <span class='ocr_line' id='line_1_25' title="bbox 122 2942 1290 3028; baseline 0.002 -21"><span class='ocrx_word' id='word_1_211' title='bbox 122 2947 146 3008; x_wconf 91' lang='lat'><strong>1.</strong></span> <span class='ocrx_word' id='word_1_212' title='bbox 172 2942 280 3016; x_wconf 84' lang='grc'><strong>1,18,</strong></span> <span class='ocrx_word' id='word_1_213' title='bbox 309 2945 432 3028; x_wconf 86' lang='grc' dir='ltr'>γραίῃει</span> <span class='ocrx_word' id='word_1_214' title='bbox 460 2946 481 3008; x_wconf 85' lang='grc' dir='ltr'><strong>ί.</strong></span> <span class='ocrx_word' id='word_1_215' title='bbox 507 2945 540 3017; x_wconf 95' lang='grc'><strong>1,</strong></span> <span class='ocrx_word' id='word_1_216' title='bbox 566 2942 621 3016; x_wconf 87' lang='grc'><strong>19,</strong></span> <span class='ocrx_word' id='word_1_217' title='bbox 654 2944 809 3024; x_wconf 90' lang='grc' dir='ltr'>Ἰναχίδαο</span> <span class='ocrx_word' id='word_1_218' title='bbox 837 2950 871 3008; x_wconf 90' lang='grc' dir='ltr'><strong>Α.</strong></span> <span class='ocrx_word' id='word_1_219' title='bbox 898 2947 929 3018; x_wconf 92' lang='grc'><strong>1,</strong></span> <span class='ocrx_word' id='word_1_220' title='bbox 956 2948 987 3025; x_wconf 84' lang='grc'><strong>1;</strong></span> <span class='ocrx_word' id='word_1_221' title='bbox 1011 2984 1053 2992; x_wconf 92' lang='grc'><strong>-</strong></span> <span class='ocrx_word' id='word_1_222' title='bbox 1076 2946 1211 3026; x_wconf 88' lang='grc' dir='ltr'>ἀλόχοιο</span> <span class='ocrx_word' id='word_1_223' title='bbox 1234 2948 1290 3010; x_wconf 85' lang='lat' dir='ltr'><strong>Th.</strong></span> 
     </span>
     <span class='ocr_line' id='line_1_26' title="bbox 122 3045 1290 3129; baseline 0.002 -21"><span class='ocrx_word' id='word_1_224' title='bbox 122 3047 156 3119; x_wconf 87' lang='lat'><strong>1,</strong></span> <span class='ocrx_word' id='word_1_225' title='bbox 179 3045 217 3129; x_wconf 86' lang='grc'><strong>2,</strong></span> <span class='ocrx_word' id='word_1_226' title='bbox 239 3045 415 3125; x_wconf 86' lang='grc' dir='ltr'>ἀργεννοῖο</span> <span class='ocrx_word' id='word_1_227' title='bbox 436 3048 476 3109; x_wconf 90' lang='grc' dir='ltr'><strong>Μ.</strong></span> <span class='ocrx_word' id='word_1_228' title='bbox 499 3045 535 3119; x_wconf 94' lang='grc'><strong>2,</strong></span> <span class='ocrx_word' id='word_1_229' title='bbox 561 3045 594 3117; x_wconf 92' lang='grc'><strong>1,</strong></span> <span class='ocrx_word' id='word_1_230' title='bbox 620 3048 740 3126; x_wconf 90' lang='grc' dir='ltr'>βιότοιο</span> <span class='ocrx_word' id='word_1_231' title='bbox 764 3049 787 3111; x_wconf 89' lang='lat'><strong>1.</strong></span> <span class='ocrx_word' id='word_1_232' title='bbox 813 3047 847 3119; x_wconf 92' lang='grc'><strong>1,</strong></span> <span class='ocrx_word' id='word_1_233' title='bbox 870 3046 905 3118; x_wconf 88' lang='grc'><strong>3;</strong></span> <span class='ocrx_word' id='word_1_234' title='bbox 928 3083 972 3094; x_wconf 90' lang='grc'><strong>-</strong></span> <span class='ocrx_word' id='word_1_235' title='bbox 998 3047 1116 3126; x_wconf 85' lang='grc' dir='ltr'>οὔρεοε</span> <span class='ocrx_word' id='word_1_236' title='bbox 1137 3050 1176 3110; x_wconf 89' lang='grc' dir='ltr'><strong>Μ.</strong></span> <span class='ocrx_word' id='word_1_237' title='bbox 1200 3047 1236 3120; x_wconf 92' lang='grc'><strong>2,</strong></span> <span class='ocrx_word' id='word_1_238' title='bbox 1262 3048 1290 3121; x_wconf 91' lang='grc'><strong>1,</strong></span> 
     </span>
     <span class='ocr_line' id='line_1_27' title="bbox 120 3146 1291 3233; baseline 0 -20"><span class='ocrx_word' id='word_1_239' title='bbox 120 3147 261 3228; x_wconf 86' lang='grc' dir='ltr'>ἀφραδέϊ</span> <span class='ocrx_word' id='word_1_240' title='bbox 282 3148 303 3208; x_wconf 93' lang='grc' dir='ltr'><strong>Ι.</strong></span> <span class='ocrx_word' id='word_1_241' title='bbox 330 3146 363 3219; x_wconf 94' lang='grc'><strong>1,</strong></span> <span class='ocrx_word' id='word_1_242' title='bbox 393 3146 429 3220; x_wconf 90' lang='lat'><strong>3,</strong></span> <span class='ocrx_word' id='word_1_243' title='bbox 463 3151 576 3226; x_wconf 78' lang='grc' dir='ltr'>τοκῆε(</span> <span class='ocrx_word' id='word_1_244' title='bbox 598 3149 620 3209; x_wconf 93' lang='lat' dir='ltr'><strong>I.</strong></span> <span class='ocrx_word' id='word_1_245' title='bbox 650 3148 683 3220; x_wconf 90' lang='lat'><strong>1,</strong></span> <span class='ocrx_word' id='word_1_246' title='bbox 714 3148 769 3219; x_wconf 90' lang='grc'><strong>11,</strong></span> <span class='ocrx_word' id='word_1_247' title='bbox 799 3148 989 3228; x_wconf 84' lang='grc' dir='ltr'>Ἀπιδανῆαε</span> <span class='ocrx_word' id='word_1_248' title='bbox 1023 3153 1055 3212; x_wconf 88' lang='grc' dir='ltr'><strong>Α.</strong></span> <span class='ocrx_word' id='word_1_249' title='bbox 1087 3151 1119 3220; x_wconf 92' lang='grc'><strong>1,,</strong></span> <span class='ocrx_word' id='word_1_250' title='bbox 1148 3149 1185 3233; x_wconf 83' lang='lat'><strong>3,</strong></span> <span class='ocrx_word' id='word_1_251' title='bbox 1218 3150 1291 3229; x_wconf 86' lang='grc' dir='ltr'><strong>Ὀμ-</strong></span> 
     </span>
     <span class='ocr_line' id='line_1_28' title="bbox 120 3248 1291 3334; baseline 0 -22"><span class='ocrx_word' id='word_1_252' title='bbox 120 3250 261 3331; x_wconf 84' lang='grc' dir='ltr'>φαλιῆαε</span> <span class='ocrx_word' id='word_1_253' title='bbox 284 3250 339 3311; x_wconf 88' lang='lat' dir='ltr'><strong>Th.</strong></span> <span class='ocrx_word' id='word_1_254' title='bbox 361 3248 398 3321; x_wconf 88' lang='grc'><strong>3,</strong></span> <span class='ocrx_word' id='word_1_255' title='bbox 422 3249 541 3328; x_wconf 84' lang='grc' dir='ltr'>ἀνέραε</span> <span class='ocrx_word' id='word_1_256' title='bbox 563 3253 595 3312; x_wconf 84' lang='grc' dir='ltr'><strong>Α.</strong></span> <span class='ocrx_word' id='word_1_257' title='bbox 623 3248 655 3320; x_wconf 93' lang='grc'><strong>1,</strong></span> <span class='ocrx_word' id='word_1_258' title='bbox 678 3249 713 3321; x_wconf 89' lang='grc'><strong>3,</strong></span> <span class='ocrx_word' id='word_1_259' title='bbox 737 3251 904 3331; x_wconf 84' lang='grc' dir='ltr'>μακάρεεει</span> <span class='ocrx_word' id='word_1_260' title='bbox 926 3253 947 3313; x_wconf 89' lang='grc' dir='ltr'><strong>Ι.</strong></span> <span class='ocrx_word' id='word_1_261' title='bbox 966 3253 998 3323; x_wconf 95' lang='grc'><strong>1,</strong></span> <span class='ocrx_word' id='word_1_262' title='bbox 1021 3250 1058 3324; x_wconf 89' lang='grc'><strong>4,</strong></span> <span class='ocrx_word' id='word_1_263' title='bbox 1081 3251 1191 3317; x_wconf 81' lang='grc' dir='ltr'>ποεείν</span> <span class='ocrx_word' id='word_1_264' title='bbox 1214 3252 1237 3314; x_wconf 89' lang='grc' dir='ltr'><strong>Ι.</strong></span> <span class='ocrx_word' id='word_1_265' title='bbox 1263 3252 1291 3334; x_wconf 84' lang='lat'><strong>1,</strong></span> 
     </span>
     <span class='ocr_line' id='line_1_29' title="bbox 122 3350 1292 3431; baseline 0.003 -18"><span class='ocrx_word' id='word_1_266' title='bbox 122 3352 171 3423; x_wconf 89' lang='grc'><strong>11,</strong></span> <span class='ocrx_word' id='word_1_267' title='bbox 186 3351 315 3415; x_wconf 80' lang='grc' dir='ltr'>πόδεεει</span> <span class='ocrx_word' id='word_1_268' title='bbox 330 3352 352 3412; x_wconf 90' lang='grc' dir='ltr'><strong>Ι.</strong></span> <span class='ocrx_word' id='word_1_269' title='bbox 371 3352 398 3422; x_wconf 91' lang='grc'><strong>1,</strong></span> <span class='ocrx_word' id='word_1_270' title='bbox 417 3350 472 3423; x_wconf 81' lang='grc'><strong>17;</strong></span> <span class='ocrx_word' id='word_1_271' title='bbox 489 3386 531 3398; x_wconf 92' lang='lat'><strong>-—</strong></span> <span class='ocrx_word' id='word_1_272' title='bbox 546 3362 609 3414; x_wconf 89' lang='lat' dir='ltr'><strong>tum</strong></span> <span class='ocrx_word' id='word_1_273' title='bbox 624 3353 784 3416; x_wconf 81' lang='lat' dir='ltr'><strong>verborum</strong></span> <span class='ocrx_word' id='word_1_274' title='bbox 799 3357 914 3417; x_wconf 80' lang='lat' dir='ltr'><strong>formae</strong></span> <span class='ocrx_word' id='word_1_275' title='bbox 930 3353 1036 3419; x_wconf 89' lang='grc' dir='ltr'>νοέειν</span> <span class='ocrx_word' id='word_1_276' title='bbox 1052 3355 1074 3415; x_wconf 91' lang='grc' dir='ltr'><strong>Ι.</strong></span> <span class='ocrx_word' id='word_1_277' title='bbox 1093 3353 1121 3425; x_wconf 92' lang='grc'><strong>1,</strong></span> <span class='ocrx_word' id='word_1_278' title='bbox 1137 3352 1167 3425; x_wconf 87' lang='grc'><strong>6,</strong></span> <span class='ocrx_word' id='word_1_279' title='bbox 1184 3353 1292 3431; x_wconf 84' lang='grc' dir='ltr'>ἐετρα-</span> 
     </span>
    </p>
   </div>
   <div class='ocr_carea' id='block_1_5' title="bbox 119 3450 1291 3633">
    <p class='ocr_par' dir='ltr' id='par_1_7' title="bbox 119 3450 1291 3633">
     <span class='ocr_line' id='line_1_30' title="bbox 119 3450 1291 3534; baseline 0.002 -17"><span class='ocrx_word' id='word_1_280' title='bbox 119 3452 246 3517; x_wconf 88' lang='grc' dir='ltr'>τόωντο</span> <span class='ocrx_word' id='word_1_281' title='bbox 269 3453 308 3515; x_wconf 89' lang='grc' dir='ltr'><strong>Μ.</strong></span> <span class='ocrx_word' id='word_1_282' title='bbox 331 3450 361 3523; x_wconf 86' lang='grc'><strong>2,</strong></span> <span class='ocrx_word' id='word_1_283' title='bbox 386 3452 414 3524; x_wconf 94' lang='grc'><strong>1,</strong></span> <span class='ocrx_word' id='word_1_284' title='bbox 438 3453 609 3519; x_wconf 84' lang='grc' dir='ltr'>καλέεεκον</span> <span class='ocrx_word' id='word_1_285' title='bbox 631 3454 686 3516; x_wconf 84' lang='lat' dir='ltr'><strong>Th.</strong></span> <span class='ocrx_word' id='word_1_286' title='bbox 713 3453 745 3525; x_wconf 89' lang='lat'><strong>1,</strong></span> <span class='ocrx_word' id='word_1_287' title='bbox 772 3454 804 3526; x_wconf 87' lang='lat'><strong>1,</strong></span> <span class='ocrx_word' id='word_1_288' title='bbox 828 3455 962 3534; x_wconf 85' lang='grc' dir='ltr'>ἑρριγώε</span> <span class='ocrx_word' id='word_1_289' title='bbox 984 3456 1008 3518; x_wconf 86' lang='grc' dir='ltr'><strong>ί.</strong></span> <span class='ocrx_word' id='word_1_290' title='bbox 1035 3457 1066 3527; x_wconf 87' lang='grc'><strong>1,</strong></span> <span class='ocrx_word' id='word_1_291' title='bbox 1092 3454 1128 3528; x_wconf 79' lang='lat' dir='ltr'><strong>i,</strong></span> <span class='ocrx_word' id='word_1_292' title='bbox 1162 3456 1291 3532; x_wconf 88' lang='grc' dir='ltr'>γείνατο</span> 
     </span>
     <span class='ocr_line' id='line_1_31' title="bbox 119 3554 1290 3633; baseline 0.002 -15"><span class='ocrx_word' id='word_1_293' title='bbox 119 3555 212 3625; x_wconf 74' lang='lat' dir='ltr'><strong>ibid..</strong></span> <span class='ocrx_word' id='word_1_294' title='bbox 243 3556 333 3618; x_wconf 82' lang='grc' dir='ltr'>κλῦθι</span> <span class='ocrx_word' id='word_1_295' title='bbox 362 3556 433 3626; x_wconf 84' lang='lat' dir='ltr'><strong>Ph.‚</strong></span> <span class='ocrx_word' id='word_1_296' title='bbox 464 3554 626 3633; x_wconf 69' lang='lat' dir='ltr'><strong>citiusve(</strong></span> <span class='ocrx_word' id='word_1_297' title='bbox 653 3557 690 3617; x_wconf 90' lang='grc' dir='ltr'><strong>Μ.</strong></span> <span class='ocrx_word' id='word_1_298' title='bbox 714 3554 751 3628; x_wconf 89' lang='grc'><strong>4,</strong></span> <span class='ocrx_word' id='word_1_299' title='bbox 780 3554 851 3621; x_wconf 76' lang='lat' dir='ltr'><strong>icor</strong></span> <span class='ocrx_word' id='word_1_300' title='bbox 880 3558 936 3619; x_wconf 84' lang='lat' dir='ltr'><strong>Th.</strong></span> <span class='ocrx_word' id='word_1_301' title='bbox 962 3556 1016 3629; x_wconf 87' lang='lat'><strong>13,</strong></span> <span class='ocrx_word' id='word_1_302' title='bbox 1046 3557 1156 3622; x_wconf 83' lang='grc' dir='ltr'>ἐώνλ</span> <span class='ocrx_word' id='word_1_303' title='bbox 1182 3556 1215 3630; x_wconf 91' lang='lat'><strong>1,</strong></span> <span class='ocrx_word' id='word_1_304' title='bbox 1242 3556 1290 3629; x_wconf 93' lang='grc'><strong>14,</strong></span> 
     </span>
    </p>
   </div>
   <div class='ocr_carea' id='block_1_6' title="bbox 120 3743 325 3754">
    <p class='ocr_par' dir='ltr' id='par_1_8' title="bbox 120 3743 325 3754">
     <span class='ocr_line' id='line_1_32' title="bbox 120 3743 325 3754; baseline -0.005 0"><span class='ocrx_word' id='word_1_305' title='bbox 120 3743 325 3754; x_wconf 64' lang='lat'><em>-.-—-—-——-</em></span> 
     </span>
    </p>
   </div>
   <div class='ocr_carea' id='block_1_7' title="bbox 118 3855 1292 4098">
    <p class='ocr_par' dir='ltr' id='par_1_9' title="bbox 118 3855 1292 4098">
     <span class='ocr_line' id='line_1_33' title="bbox 190 3855 1289 3931; baseline 0.003 -21"><span class='ocrx_word' id='word_1_306' title='bbox 190 3860 232 3925; x_wconf 85' lang='lat'><strong>14)</strong></span> <span class='ocrx_word' id='word_1_307' title='bbox 262 3855 413 3911; x_wconf 83' lang='lat' dir='ltr'><strong>Brevitatis</strong></span> <span class='ocrx_word' id='word_1_308' title='bbox 446 3872 530 3911; x_wconf 84' lang='lat' dir='ltr'><strong>causa</strong></span> <span class='ocrx_word' id='word_1_309' title='bbox 559 3857 712 3911; x_wconf 83' lang='lat' dir='ltr'><strong>carminum</strong></span> <span class='ocrx_word' id='word_1_310' title='bbox 738 3859 898 3928; x_wconf 79' lang='lat' dir='ltr'><strong>fragmenta</strong></span> <span class='ocrx_word' id='word_1_311' title='bbox 926 3858 969 3913; x_wconf 84' lang='lat' dir='ltr'><strong>his</strong></span> <span class='ocrx_word' id='word_1_312' title='bbox 998 3858 1101 3914; x_wconf 82' lang='lat' dir='ltr'><strong>litteris</strong></span> <span class='ocrx_word' id='word_1_313' title='bbox 1131 3858 1289 3931; x_wconf 79' lang='lat' dir='ltr'><strong>designari:</strong></span> 
     </span>
     <span class='ocr_line' id='line_1_34' title="bbox 119 3941 1292 4012; baseline 0 -15"><span class='ocrx_word' id='word_1_314' title='bbox 119 3942 228 3997; x_wconf 84' lang='lat' dir='ltr'><strong>Achaia</strong></span> <span class='ocrx_word' id='word_1_315' title='bbox 244 3945 292 4010; x_wconf 78' lang='grc'><strong>4.,</strong></span> <span class='ocrx_word' id='word_1_316' title='bbox 310 3941 407 3996; x_wconf 82' lang='lat' dir='ltr'><strong>Eliaca</strong></span> <span class='ocrx_word' id='word_1_317' title='bbox 423 3941 470 4009; x_wconf 72' lang='lat' dir='ltr'><strong>lt,</strong></span> <span class='ocrx_word' id='word_1_318' title='bbox 487 3941 660 3998; x_wconf 85' lang='lat' dir='ltr'><strong>Messeniaca</strong></span> <span class='ocrx_word' id='word_1_319' title='bbox 676 3944 727 4010; x_wconf 64' lang='lat' dir='ltr'><strong>M„</strong></span> <span class='ocrx_word' id='word_1_320' title='bbox 745 3943 904 3999; x_wconf 79' lang='lat' dir='ltr'><strong>Thessalica</strong></span> <span class='ocrx_word' id='word_1_321' title='bbox 922 3944 987 4011; x_wconf 75' lang='lat' dir='ltr'><strong>Tu,</strong></span> <span class='ocrx_word' id='word_1_322' title='bbox 1005 3946 1103 4012; x_wconf 84' lang='grc' dir='ltr'><strong>Φήμη,</strong></span> <span class='ocrx_word' id='word_1_323' title='bbox 1127 3944 1205 4000; x_wconf 87' lang='lat' dir='ltr'><strong>cuius</strong></span> <span class='ocrx_word' id='word_1_324' title='bbox 1222 3962 1292 3998; x_wconf 82' lang='lat' dir='ltr'><strong>unus</strong></span> 
     </span>
     <span class='ocr_line' id='line_1_35' title="bbox 118 4025 1291 4098; baseline 0 -15"><span class='ocrx_word' id='word_1_325' title='bbox 118 4045 215 4084; x_wconf 83' lang='lat' dir='ltr'><strong>versus</strong></span> <span class='ocrx_word' id='word_1_326' title='bbox 227 4027 322 4083; x_wconf 82' lang='lat' dir='ltr'><strong>exstat</strong></span> <span class='ocrx_word' id='word_1_327' title='bbox 332 4027 409 4097; x_wconf 86' lang='lat' dir='ltr'><strong>apud</strong></span> <span class='ocrx_word' id='word_1_328' title='bbox 420 4025 590 4082; x_wconf 82' lang='lat' dir='ltr'><strong>Meinekium</strong></span> <span class='ocrx_word' id='word_1_329' title='bbox 601 4045 630 4096; x_wconf 93' lang='lat' dir='ltr'><strong>p.</strong></span> <span class='ocrx_word' id='word_1_330' title='bbox 645 4033 703 4094; x_wconf 75' lang='grc'><strong>116,</strong></span> <span class='ocrx_word' id='word_1_331' title='bbox 715 4028 774 4095; x_wconf 91' lang='lat' dir='ltr'><strong>Ph.‚</strong></span> <span class='ocrx_word' id='word_1_332' title='bbox 787 4031 948 4098; x_wconf 77' lang='lat' dir='ltr'><strong>fuagmenta</strong></span> <span class='ocrx_word' id='word_1_333' title='bbox 957 4028 1057 4083; x_wconf 87' lang='lat' dir='ltr'><strong>incerti</strong></span> <span class='ocrx_word' id='word_1_334' title='bbox 1069 4028 1124 4082; x_wconf 89' lang='lat' dir='ltr'><strong>loci</strong></span> <span class='ocrx_word' id='word_1_335' title='bbox 1135 4028 1169 4095; x_wconf 89' lang='lat'><strong>1.;</strong></span> <span class='ocrx_word' id='word_1_336' title='bbox 1182 4029 1291 4083; x_wconf 85' lang='lat' dir='ltr'><strong>numeri</strong></span> 
     </span>
    </p>
   </div>
   <div class='ocr_carea' id='block_1_8' title="bbox 119 4110 1335 4184">
    <p class='ocr_par' dir='ltr' id='par_1_10' title="bbox 119 4110 1335 4184">
     <span class='ocr_line' id='line_1_36' title="bbox 119 4110 1335 4184; baseline -0.001 -17"><span class='ocrx_word' id='word_1_337' title='bbox 119 4110 244 4167; x_wconf 80' lang='lat' dir='ltr'><strong>adiuncti</strong></span> <span class='ocrx_word' id='word_1_338' title='bbox 262 4112 326 4166; x_wconf 78' lang='lat' dir='ltr'><strong>sunt</strong></span> <span class='ocrx_word' id='word_1_339' title='bbox 342 4111 364 4165; x_wconf 93' lang='lat' dir='ltr'><strong>ii</strong></span> <span class='ocrx_word' id='word_1_340' title='bbox 382 4127 451 4180; x_wconf 87' lang='lat' dir='ltr'><strong>quos</strong></span> <span class='ocrx_word' id='word_1_341' title='bbox 469 4111 577 4166; x_wconf 81' lang='lat' dir='ltr'><strong>Saalius</strong></span> <span class='ocrx_word' id='word_1_342' title='bbox 594 4110 703 4181; x_wconf 83' lang='lat' dir='ltr'><strong>posuit,</strong></span> <span class='ocrx_word' id='word_1_343' title='bbox 721 4111 771 4167; x_wconf 87' lang='lat' dir='ltr'><strong>sed</strong></span> <span class='ocrx_word' id='word_1_344' title='bbox 787 4110 818 4164; x_wconf 89' lang='lat' dir='ltr'><strong>in</strong></span> <span class='ocrx_word' id='word_1_345' title='bbox 834 4112 936 4180; x_wconf 84' lang='lat' dir='ltr'><strong>fragm.</strong></span> <span class='ocrx_word' id='word_1_346' title='bbox 954 4111 1055 4167; x_wconf 82' lang='lat' dir='ltr'><strong>incerti</strong></span> <span class='ocrx_word' id='word_1_347' title='bbox 1071 4111 1128 4168; x_wconf 89' lang='lat' dir='ltr'><strong>loci</strong></span> <span class='ocrx_word' id='word_1_348' title='bbox 1144 4114 1168 4168; x_wconf 92' lang='lat' dir='ltr'><strong>I.</strong></span> <span class='ocrx_word' id='word_1_349' title='bbox 1188 4114 1217 4166; x_wconf 86' lang='lat' dir='ltr'><strong>et</strong></span> <span class='ocrx_word' id='word_1_350' title='bbox 1234 4112 1312 4184; x_wconf 66' lang='lat' dir='ltr'><strong>epi-³</strong></span> <span class='ocrx_word' id='word_1_351' title='bbox 1332 4143 1335 4149; x_wconf 90' lang='lat'>·</span> 
     </span>
    </p>
   </div>
   <div class='ocr_carea' id='block_1_9' title="bbox 120 4195 1290 4371">
    <p class='ocr_par' dir='ltr' id='par_1_11' title="bbox 120 4195 1290 4371">
     <span class='ocr_line' id='line_1_37' title="bbox 120 4195 798 4267; baseline 0 -16"><span class='ocrx_word' id='word_1_352' title='bbox 120 4197 289 4267; x_wconf 81' lang='lat' dir='ltr'><strong>grammatis</strong></span> <span class='ocrx_word' id='word_1_353' title='bbox 306 4199 416 4252; x_wconf 85' lang='lat' dir='ltr'><strong>secutus</strong></span> <span class='ocrx_word' id='word_1_354' title='bbox 433 4215 494 4253; x_wconf 86' lang='lat' dir='ltr'><strong>sum</strong></span> <span class='ocrx_word' id='word_1_355' title='bbox 512 4195 645 4252; x_wconf 82' lang='lat' dir='ltr'><strong>Meinekii</strong></span> <span class='ocrx_word' id='word_1_356' title='bbox 664 4196 798 4252; x_wconf 87' lang='lat' dir='ltr'><strong>ordinem.</strong></span> 
     </span>
     <span class='ocr_line' id='line_1_38' title="bbox 190 4298 1290 4371; baseline 0.003 -17"><span class='ocrx_word' id='word_1_357' title='bbox 190 4303 232 4367; x_wconf 84' lang='lat'><strong>15)</strong></span> <span class='ocrx_word' id='word_1_358' title='bbox 250 4299 374 4355; x_wconf 83' lang='lat' dir='ltr'><strong>Similem</strong></span> <span class='ocrx_word' id='word_1_359' title='bbox 392 4301 513 4355; x_wconf 84' lang='lat' dir='ltr'><strong>formam</strong></span> <span class='ocrx_word' id='word_1_360' title='bbox 529 4300 559 4354; x_wconf 90' lang='lat' dir='ltr'><strong>in</strong></span> <span class='ocrx_word' id='word_1_361' title='bbox 577 4299 685 4355; x_wconf 81' lang='lat' dir='ltr'><strong>cantico</strong></span> <span class='ocrx_word' id='word_1_362' title='bbox 704 4299 789 4370; x_wconf 83' lang='lat' dir='ltr'><strong>Soph.</strong></span> <span class='ocrx_word' id='word_1_363' title='bbox 806 4299 850 4354; x_wconf 84' lang='grc' dir='ltr'><strong>Αἱ.</strong></span> <span class='ocrx_word' id='word_1_364' title='bbox 869 4305 919 4355; x_wconf 76' lang='grc'><strong>714</strong></span> <span class='ocrx_word' id='word_1_365' title='bbox 937 4298 1037 4354; x_wconf 84' lang='lat' dir='ltr'><strong>Suidas</strong></span> <span class='ocrx_word' id='word_1_366' title='bbox 1054 4299 1125 4370; x_wconf 82' lang='lat' dir='ltr'><strong>legit</strong></span> <span class='ocrx_word' id='word_1_367' title='bbox 1142 4302 1290 4371; x_wconf 72' lang='lat' dir='ltr'><strong>poriiorp’</strong></span> 
     </span>
    </p>
   </div>
   <div class='ocr_carea' id='block_1_10' title="bbox 4 4384 832 4454">
    <p class='ocr_par' dir='ltr' id='par_1_12' title="bbox 4 4384 832 4454">
     <span class='ocr_line' id='line_1_39' title="bbox 4 4384 832 4454; baseline 0.001 -14"><span class='ocrx_word' id='word_1_368' title='bbox 4 4428 5 4431; x_wconf 21' lang='grc' dir='ltr'>ι</span> <span class='ocrx_word' id='word_1_369' title='bbox 120 4388 171 4452; x_wconf 85' lang='grc' dir='ltr'><strong>όν,</strong></span> <span class='ocrx_word' id='word_1_370' title='bbox 191 4401 276 4454; x_wconf 84' lang='lat' dir='ltr'><strong>quam</strong></span> <span class='ocrx_word' id='word_1_371' title='bbox 293 4384 356 4438; x_wconf 84' lang='lat' dir='ltr'><strong>Ald.</strong></span> <span class='ocrx_word' id='word_1_372' title='bbox 377 4387 405 4438; x_wconf 85' lang='lat' dir='ltr'><strong>et</strong></span> <span class='ocrx_word' id='word_1_373' title='bbox 422 4384 496 4439; x_wconf 87' lang='lat' dir='ltr'><strong>Flor.</strong></span> <span class='ocrx_word' id='word_1_374' title='bbox 514 4386 633 4453; x_wconf 83' lang='lat' dir='ltr'><strong>utraque</strong></span> <span class='ocrx_word' id='word_1_375' title='bbox 650 4384 832 4441; x_wconf 80' lang='lat' dir='ltr'><strong>retinuerunt.</strong></span> 
     </span>
    </p>
   </div>
   <div class='ocr_carea' id='block_1_11' title="bbox 1052 4471 1089 4527">
    <p class='ocr_par' dir='ltr' id='par_1_13' title="bbox 1052 4471 1089 4527">
     <span class='ocr_line' id='line_1_40' title="bbox 1052 4471 1089 4527; baseline 0 -20"><span class='ocrx_word' id='word_1_376' title='bbox 1052 4471 1089 4527; x_wconf 58' lang='grc' dir='ltr'><strong>ο*</strong></span> 
     </span>
    </p>
   </div>
   <div class='ocr_carea' id='block_1_12' title="bbox 1344 2420 1369 2457">
    <p class='ocr_par' dir='ltr' id='par_1_14' title="bbox 1344 2420 1369 2457">
     <span class='ocr_line' id='line_1_41' title="bbox 1344 2420 1369 2457; baseline 0 -8"><span class='ocrx_word' id='word_1_377' title='bbox 1344 2420 1369 2457; x_wconf 66' lang='lat'><em>4</em></span> 
     </span>
    </p>
   </div>
   <div class='ocr_carea' id='block_1_13' title="bbox 0 0 1660 5226">
    <p class='ocr_par' dir='ltr' id='par_1_15' title="bbox 0 0 1660 5226">
     <span class='ocr_line' id='line_1_42' title="bbox 0 0 1660 5226; baseline 0 0"><span class='ocrx_word' id='word_1_378' title='bbox 0 0 1660 5226; x_wconf 95' lang='lat' dir='ltr'><strong> </strong></span> 
     </span>
    </p>
   </div>
  </div>
 </body>
</html>
