3312 5226
950 401 970 465 8

462 595 586 656 Accedit
608 593 738 674 denique
761 593 976 673 Stephanus
998 591 1203 672 Byzantius
1224 609 1253 671 p.
1279 587 1353 652 167:
1379 580 1544 669 Βήνηπό-
1591 655 1594 665 ,

376 697 423 761 λι(
453 696 573 775 Κρήτη(
602 693 666 758 ὑπὸ
696 693 815 772 Γόρτυν
841 693 1024 771 τεταγμένη.
1053 692 1091 755 τὸ
1119 690 1246 756 ἐθνικὸν
1276 693 1421 769 Βηναῖος.
1464 691 1544 756 Ῥια·

375 798 434 863 vd<
454 797 517 875 γὰρ
540 795 559 859 ὁ
581 797 716 878 ποιητὴς
739 796 878 872 Βηναῑοε
901 794 941 872 ῆν
963 794 983 873 ἢ
1009 793 1163 872 Κερεάτηε
1184 794 1205 872 ἢ
1230 794 1319 873 Κρής.

461 900 505 962 Ex
521 901 574 968 iis,
598 916 674 978 quae
690 898 860 978 Stephanus
875 897 984 967 tradit,
1001 897 1074 958 nihil
1092 896 1171 957 aliud
1188 915 1277 977 quam
1293 898 1420 976 patriam
1436 898 1544 958 Rbiaui

376 1021 410 1063 ac
433 1020 470 1062 ue
493 1019 558 1061 eam
582 999 703 1080 quidem
726 1002 895 1063 accuratius
917 1018 1006 1079 quam
1029 1018 1045 1060 e
1067 999 1176 1060 Suidac
1199 997 1300 1060 verbis
1322 1001 1544 1077 cognoscimus;

374 1104 523 1165 Eudociae
546 1113 644 1164 autem
667 1101 794 1162 rivulum
818 1104 1014 1163 manifestum
1037 1110 1081 1162 est
1104 1119 1120 1160 e
1144 1099 1252 1162 Suidae
1275 1101 1357 1161 sonte
1380 1102 1546 1162 derivatum

375 1224 455 1275 esse,
479 1223 547 1266 cum
570 1204 643 1265 nihil
667 1223 702 1266 ea
725 1203 842 1273 alterat,
873 1203 952 1283 quod
975 1221 1034 1263 nou
1058 1202 1165 1265 melius
1188 1202 1267 1282 apud
1297 1202 1382 1263 illum
1413 1202 1544 1281 legatum

375 1307 482 1369 Suidas
509 1307 639 1386 denique
667 1323 726 1384 quo
754 1313 875 1367 auctore
900 1323 971 1365 usus
1002 1307 1060 1373 sit,
1090 1304 1218 1365 Curtii
1241 1303 1547 1385 Wachsmutbiit)

374 1409 529 1487 diligentia
551 1415 582 1469 et
604 1407 739 1468 doctrina
761 1409 944 1487 patefactum
974 1414 1035 1476 est,
1064 1407 1116 1486 qui
1138 1405 1221 1466 illum
1244 1424 1280 1465 ex
1304 1405 1463 1486 Hesychio,
1487 1407 1545 1468 ue-

375 1511 510 1592 sycbium
534 1528 570 1570 ex
593 1508 756 1588 Hermippo
773 1509 893 1589 Berytio
915 1509 1052 1569 hausisse
1069 1507 1186 1568 docuit:
1210 1508 1236 1568 is
1259 1509 1338 1569 enim
1361 1509 1546 1588 peculiarem

317 1690 320 1698 p
374 1613 502 1681 librum,
537 1613 567 1673 iu
596 1629 655 1690 quo
688 1611 725 1670 de
755 1612 850 1671 servis
885 1610 1054 1670 eruditione
1083 1608 1251 1670 illustribus
1279 1610 1430 1688 singulari,
1454 1629 1546 1690 opera

374 1715 559 1794 disputatum
583 1723 642 1782 est,
669 1713 851 1774 confecerat.
894 1711 937 1773 Ad
965 1711 1045 1773 huuc
1068 1712 1160 1789 igitur
1188 1728 1265 1791 quac
1295 1710 1331 1771 de
1354 1711 1464 1773 Rhiani
1487 1715 1546 1774 vita

376 1817 412 1877 ad
435 1835 489 1877 nos
511 1813 626 1894 perlata
650 1822 735 1884 sunt,
760 1816 860 1876 omnia
883 1813 1025 1882 redeunt,
1056 1832 1089 1874 ac
1112 1812 1157 1873 vel
1186 1814 1215 1872 is
1243 1814 1446 1874 tenuissimam
1469 1814 1546 1876 hanc

375 1919 511 1978 notitiam
534 1918 703 1996 posteritati
727 1917 774 1977 vix
797 1916 961 1976 traditurus
982 1915 1075 1976 luisse
1097 1915 1230 1984 videtur,
1253 1916 1312 1975 nisi
1335 1923 1422 1994 poeta
1446 1925 1547 1976 nostor
1571 1932 1573 1935 ’

375 2020 488 2080 inlelici
519 2025 598 2079 sorte
627 2020 707 2077 iuter
736 2035 788 2077 eos
816 2018 938 2086 luisset,
972 2019 1024 2096 qoi
1057 2017 1211 2076 servitutis
1244 2034 1335 2077 onere
1364 2016 1547 2097 aliquamdiu

376 2127 599 2201 premerentur.

460 2225 500 2283 Ac
529 2224 660 2301 primum
689 2220 810 2300 quidem
845 2221 979 2280 omnium
1010 2221 1131 2280 testium
1161 2239 1311 2281 consensu
1341 2221 1546 2291 confirmatur,

380 2325 499 2385 natione
522 2322 670 2383 Rhianum
693 2323 785 2383 luisse
808 2322 996 2392 Cretensem,
1025 2339 1203 2402 quamquam
1226 2339 1243 2381 e
1267 2338 1322 2399 qua
1347 2321 1421 2382 urbe
1445 2325 1546 2384 oriun-

299 2436 301 2440 ‘
378 2424 434 2485 dus
456 2426 511 2494 sit,
540 2425 573 2484 iu
595 2422 734 2501 ambiguo
757 2423 940 2503 relinquunt.
986 2423 1019 2484 lu
1047 2425 1128 2484 varia
1156 2423 1274 2484 urbium
1303 2425 1440 2494 nomina,
1470 2445 1546 2505 quac

376 2546 392 2587 a
415 2526 506 2587 Suida
529 2535 559 2586 et
582 2526 733 2604 Stephano
756 2527 854 2606 posita
876 2526 1025 2595 videmus,
1049 2527 1203 2604 inquirere
1227 2544 1286 2586 nou
1303 2543 1378 2603 opus
1400 2534 1454 2596 est,
1478 2546 1546 2588 cum

374 2631 404 2688 in
427 2629 480 2699 iic,
504 2645 580 2717 quae
596 2627 775 2703 hleiueldus,
802 2630 853 2707 qui
876 2635 926 2688 aut
941 2628 1054 2688 Renam
1070 2633 1120 2688 aut
1138 2627 1280 2688 Ceraeam
1296 2627 1403 2688 Rbiaui
1419 2631 1546 2707 patriam

373 2730 467 2791 luisse
496 2739 613 2798 censet,
644 2729 799 2791 enucleate
832 2732 970 2809 exposuit
998 2731 1029 2789 in
1058 2729 1140 2790 Anal.
1163 2728 1246 2788 Alex.
1275 2748 1304 2808 p.
1331 2727 1389 2789 171
1407 2747 1468 2807 sq,
1498 2749 1545 2791 ac-

373 2830 588 2911 quiescendum
613 2831 758 2892 videatur.

458 2932 560 3012 Neque
582 2950 654 2993 vero
676 2936 843 2995 accuratius
871 2950 959 3010 quam
988 2933 1053 2993 eius
1074 2934 1202 3012 patriam
1230 2933 1355 2992 delinire
1386 2952 1544 3013 possumus

373 3042 517 3104 aetatem;
546 3054 614 3096 uam
643 3055 711 3102 cum
727 3036 899 3115 vHermippo
922 3042 1046 3117 auctore
1069 3034 1176 3094 Suidas
1204 3034 1353 3095 Rhianum
1377 3034 1464 3096 'dicat
1494 3054 1543 3097 ae·

372 3137 489 3218 qualem
517 3137 610 3197 luisse
639 3137 858 3205 Eratosthenis
888 3143 1016 3196 aetatem
1050 3142 1110 3196 tam
1139 3137 1222 3213 vagis
1250 3138 1388 3197 terminis
1418 3138 1545 3199 circum-

371 3238 491 3309 scribit,
521 3245 554 3299 ut
575 3244 708 3317 tempus,
738 3256 797 3318 quo
820 3244 906 3298 natos
928 3243 979 3297 aut
1000 3256 1058 3317 quo
1080 3244 1216 3297 mortuus
1245 3239 1300 3308 sit,
1333 3240 1457 3299 omuino
1486 3258 1546 3300 non

371 3349 557 3420 compertum
578 3338 751 3401 habeamus.
789 3338 1002 3400 Eratosthenes
1024 3346 1122 3399 autem
1138 3357 1205 3400 cum
1229 3340 1275 3401 Ol.
1294 3335 1354 3400 126
1381 3347 1469 3402 natus
1492 3360 1546 3421 per

373 3443 520 3519 octoginta
543 3423 636 3502 annos
665 3459 757 3521 usque
786 3440 822 3502 ad
846 3440 891 3502 Ol.
917 3437 1024 3520 146⁶),
1054 3442 1083 3501 b.
1108 3459 1134 3501 e.
1165 3441 1234 3501 inde
1262 3440 1299 3502 ab
1323 3460 1401 3502 anno
1422 3439 1486 3504 276
1510 3444 1545 3504 ad

376 3561 487 3606 annum
505 3538 566 3603 196
580 3549 649 3603 ante
666 3541 734 3603 Chr.
756 3562 786 3605 n.
803 3542 890 3603 vitam
906 3543 1091 3622 perduxerit,
1108 3543 1187 3604 baud
1202 3561 1361 3624 perperam
1377 3544 1545 3623 collegeris,

441 3847 469 3912 5)
488 3843 542 3899 cn.
564 3843 622 3899 eius
649 3844 848 3900 commentatio
871 3845 923 3899 ‘de
945 3845 1069 3900 lontibus
1091 3861 1126 3900 ex
1153 3844 1252 3912 quibus
1277 3843 1377 3899 Suidas
1401 3844 1431 3899 in
1458 3846 1543 3916 scrip-

372 3932 466 3985 torum
478 3929 649 3984 Graecorum
666 3928 731 3984 vitis
748 3928 898 3998 hauserit,
921 3928 1108 3998 quaeinserta
1120 3929 1165 3983 est
1176 3927 1325 3998 symbolae
1341 3928 1546 3999 philologorum

342 4025 344 4031 '
373 4013 565 4071 Bonnensium
582 4032 629 4084 pp.
650 4019 792 4069 140—143.
1257 4031 1265 4046 ·

440 4120 468 4185 6)
486 4115 523 4170 Hi
540 4116 649 4172 numeri
666 4115 775 4170 disertis
793 4115 895 4172 Suidaa
916 4116 1082 4173 testimoniis
1100 4116 1238 4182 nituntur;
1262 4117 1310 4170 cfr.
1322 4116 1490 4172 Ritschelius
1508 4118 1544 4173 de

372 4202 451 4257 Alex.
470 4201 539 4256 bibl.
558 4221 584 4270 p.
602 4205 635 4255 89
653 4201 768 4272 (Opusc.
786 4202 800 4255 Ι
816 4220 845 4273 p.
864 4208 897 4258 63
910 4204 980 4270 sq.);
1000 4217 1087 4271 quare
1106 4199 1181 4271 quod
1198 4200 1353 4255 Meinekius
1371 4201 1389 4257 l.
1408 4201 1426 4255 l.
1439 4203 1540 4258 Erato-

373 4286 499 4342 sthenem
517 4286 560 4342 01.
580 4292 629 4341 149
646 4288 767 4342 mortem
784 4286 886 4342 obiisse
905 4286 986 4354 dicit,
1003 4285 1169 4356 typothetae
1182 4285 1271 4341 errori
1289 4285 1404 4341 videtur
1421 4287 1544 4342 tribuen-

374 4370 441 4425 dum
459 4386 527 4433 esee.
