3312 5226
351 603 478 682 Λοκρόν
494 600 583 667 ὄντα.
608 602 743 683 Denique
760 602 893 663 scholion
909 602 1022 663 codicis
1036 602 1074 661 V:
1097 598 1156 665 τὸν
1179 599 1214 665 ἐν
1230 600 1427 681 Μυρμιδόειν
1449 600 1517 680 ἄρι-

282 713 299 731 ”
350 726 433 770 (τον.
470 704 661 784 ἐνηρίθμητο
688 704 751 781 γὰρ
786 701 913 783 αὐτοῖο,
947 700 974 765 εἰ
1007 701 1057 766 καὶ
1086 702 1210 782 Λοκρόε
1237 701 1294 784 ἦν,
1327 704 1515 785 ibidemque:

350 807 483 872 δύναται
507 806 543 870 δὲ
566 803 783 884 Μυρμιδόνων
813 804 917 880 λέγειν
939 804 997 868 τὸν
1019 802 1149 881 ἄριετον
1177 801 1250 867 οἷον
1277 806 1333 880 τῆ(
1357 804 1516 884 Μυρμιδό-

349 928 418 973 νων
446 909 603 987 ετρατιᾶε.
633 906 684 970 διὸ
713 906 764 969 καὶ
792 905 937 983 ἄριετον,
966 903 1005 968 οὐ
1033 905 1163 983 κρείττω
1192 902 1291 969 εἶπεν.
1334 907 1379 967 En
1401 907 1449 967 his
1470 909 1516 967 in-

350 1011 534 1089 tellegimus,
557 1006 705 1088 duplicem
729 1006 882 1068 veteribus
903 1007 994 1068 luisse
1009 1008 1204 1070 offensionem
1227 1011 1258 1069 in
1280 1007 1417 1070 versibus
1438 1010 1515 1069 istis:

350 1113 474 1174 alteram
496 1110 574 1192 quod
598 1109 767 1180 Patroclus,
792 1109 950 1170 ehocride
966 1110 1094 1189 Opuntia
1117 1110 1276 1179 oriundus,
1299 1109 1515 1189 Myrmidonum

349 1216 432 1292 genti
454 1213 716 1281 adnumeraretur,
746 1210 870 1272 alteram
893 1210 973 1290 q'uod
1001 1210 1038 1271 ah
1061 1210 1126 1290 ipso
1148 1210 1275 1282 Achille,
1304 1213 1356 1291 qui
1378 1211 1460 1273 solus
1482 1230 1516 1272 ea

349 1314 547 1395 appellatione
569 1314 721 1374 videretur
742 1311 849 1389 dignus
872 1330 947 1381 esse,
972 1311 1190 1390 Myrmidonum
1212 1312 1394 1375 lectissimus
1416 1313 1515 1393 appel·

349 1418 473 1480 leretur.
517 1420 554 1477 At
575 1416 649 1477 haec
672 1420 846 1493 argumenta
876 1415 935 1474 iam
957 1414 988 1474 iu
1010 1414 1131 1475 scholiis
1158 1423 1239 1475 recte
1269 1416 1416 1489 infirmata
1439 1423 1516 1476 sunt.

350 1520 424 1582 Nam
448 1517 619 1587 Patroclus,
643 1534 711 1577 cum
733 1516 803 1576 inde
820 1534 835 1575 a
851 1516 956 1596 primis
970 1515 1116 1595 pueritiae
1138 1510 1223 1577 annis
1244 1534 1304 1579 uon
1327 1516 1423 1577 solum
1445 1517 1517 1578 edu·

350 1620 473 1682 cationis
495 1619 720 1688 communione,
749 1635 854 1678 verum
877 1618 964 1678 etiam
987 1617 1091 1678 intima
1112 1618 1311 1679 familiaritate
1333 1628 1364 1680 et
1385 1621 1517 1681 fraterno

350 1723 479 1803 quodam
508 1739 610 1782 amore
639 1738 706 1780 cum
730 1718 841 1779 Achille
871 1721 1050 1780 coniunctus
1076 1730 1156 1781 esset
1182 1727 1212 1780 et
1240 1739 1298 1781 una
1327 1740 1395 1781 cum
1423 1721 1517 1781 amico

353 1827 478 1905 eiusque
501 1824 636 1884 exercitu
657 1828 805 1902 pugnaret
833 1831 862 1880 et
884 1821 913 1881 in
942 1835 1076 1882 extremo
1098 1823 1259 1883 certamine
1287 1821 1372 1884 ducis
1393 1841 1516 1884 munere

153 2002 158 2006 ³
246 2006 252 2011 ι
350 1929 543 2005 iungeretur,
576 1924 680 2002 quidni
710 1922 928 2002 Myrmidonum
969 1941 1035 1983 usse
1068 1922 1125 1983 dici
1148 1924 1267 2003 posset?
1300 1923 1413 1985 Deinde
1447 1943 1517 1984 vero

350 2046 418 2089 curn
441 2027 544 2087 Thetis
572 2026 608 2086 ad
636 2024 780 2086 Achillem
807 2024 905 2085 locuta
933 2023 1033 2085 verbis
1060 2026 1126 2087 εεῑο
1153 2025 1297 2089 ζώοντα(
1323 2026 1404 2087 hunc
1431 2044 1517 2087 exce·

349 2130 444 2209 perit,
474 2135 705 2188 cousentaneum
729 2133 787 2201 est,
817 2125 960 2187 Achillem
984 2127 1107 2205 cogitari
1136 2145 1195 2187 non
1223 2145 1326 2208 posse,
1356 2127 1407 2188 sed
1436 2146 1515 2203 eum,

350 2232 403 2312 qui
424 2231 490 2310 ipso
522 2236 647 2317 excepto
676 2230 755 2289 inter
782 2228 929 2319 reliquos⁹
945 2227 1148 2308 Myrmidones
1169 2226 1361 2309 jiortissimus
1397 2230 1449 2300 sit,
1486 2240 1519 2290 ut

350 2334 502 2413 aptissime
518 2331 709 2397 Aristarchus
731 2329 900 2391 observavit
921 2328 980 2393 τὸν
1004 2327 1133 2408 ἄριετον
1151 2330 1209 2406 hoc
1230 2330 1295 2392 loco
1310 2350 1376 2392 csse
1391 2330 1422 2392 id
1437 2332 1518 2411 quod

349 2433 408 2498 τὸν
431 2432 504 2513 μετ’
526 2431 627 2496 αὐτόν
650 2429 788 2509 ἄριετον.
819 2430 952 2511 Denique
974 2439 1198 2512 peropportune
1221 2433 1361 2494 meditata
1383 2440 1429 2494 est
1444 2433 1518 2494 haec

350 2536 493 2597 orationis
515 2534 693 2612 ambiguitas
715 2542 744 2595 et
767 2535 902 2613 apposita
926 2533 961 2594 ad
985 2535 1205 2595 vaticinationis
1231 2534 1456 2604 obscuritatem,
1485 2541 1519 2594 ut

350 2638 510 2700 adnotatur
531 2638 561 2696 in
584 2636 650 2695 cod.
667 2635 705 2695 B:
729 2635 866 2698 πιθανὸν
889 2635 924 2696 δὲ
946 2634 983 2697 τό
1007 2635 1047 2712 μὴ
1063 2632 1215 2714 όνομαετὶ
1235 2634 1308 2713 περὶ
1324 2633 1518 2721 Πατρόκλου

349 2737 574 2818 προειρηκέναι
606 2736 665 2813 τὴν
704 2733 812 2799 Θέτιν·
849 2735 900 2800 καὶ
931 2735 992 2812 γὰρ
1026 2734 1045 2798 ὁ
1077 2739 1143 2800 τῶν
1176 2740 1324 2816 χρηεμῶν
1356 2735 1519 2815 χαρακτὴρ

350 2841 500 2904 τοιοῦτο(
508 2883 518 2917 ,
542 2836 697 2917 ἐχόμενοε
718 2841 777 2900 τοῦ
799 2836 993 2918 ἀμφιβόλου,
1022 2840 1103 2898 etin
1127 2840 1192 2900 cod.
1217 2841 1255 2900 A:
1278 2837 1388 2917 χαρίεν
1410 2838 1518 2921 τούτῳ

349 2949 395 3027 τῷ
424 2940 536 3024 τρόπῳ
564 2941 733 3018 προειπεῖν
760 2940 817 3017 τὴν
846 2938 956 3003 Θέτιν·
995 2936 1034 3001 οὐ
1061 2940 1122 3017 γὰρ
1152 2938 1304 3019 ἐβούλετο
1331 2939 1370 3002 τό
1398 2939 1519 3018 μέλλον

351 3044 588 3121 ἐπιτελεεθῆναι
615 3041 746 3105 πάντωε
774 3040 809 3104 ἐκ
836 3042 963 3104 πολλοῦ
986 3044 1184 3118 προειποῡεα
1206 3042 1321 3104 λυπεῖν
1347 3041 1406 3105 τόν
1434 3039 1518 3104 υἱόν.

350 3144 495 3224 ἐπίτηδες
517 3144 554 3208 δὲ
576 3143 677 3228 εἰπεῖν
700 3142 737 3204 τὸ
763 3140 980 3221 Μυρμιδόνων
1007 3141 1066 3205 τόν
1095 3140 1239 3220 ἄριετον,
1267 3142 1321 3207 ἵνα
1348 3143 1389 3220 μὴ
1417 3161 1519 3223 φανε-

351 3251 417 3325 ρῶε
440 3245 514 3328 εἴπῃ
531 3229 600 3309 ιτὸν
622 3242 826 3320 Πάτροκλον.
872 3242 969 3313 Quare
998 3244 1129 3307 Rhianus
1158 3245 1181 3304 si
1210 3244 1297 3306 nullis
1327 3246 1391 3306 aliis
1419 3250 1520 3308 causis

351 3352 440 3411 nixus
461 3356 521 3418 est,
545 3348 616 3408 satis
639 3355 752 3407 temere
775 3353 806 3405 et
833 3346 1053 3407 inconsiderate
1083 3348 1159 3423 egit,
1187 3350 1366 3426 praesertim
1390 3366 1457 3409 cum
1477 3367 1519 3408 ne

352 3451 561 3513 antecedentia
588 3449 710 3529 quidem
737 3445 828 3507 verba
857 3449 968 3508 intacta
996 3447 1155 3526 reliquisse
1185 3448 1332 3527 putandus
1360 3451 1414 3510 sit:
1449 3469 1520 3511 nam

352 3570 420 3614 cum
443 3551 530 3612 salva'
543 3552 689 3611 orationis
711 3549 937 3609 continuatione
965 3549 1084 3609 hiduo
1106 3568 1211 3610 versus
1238 3544 1518 3612 exterminari'uon

350 3638 487 3736 possent,
517 3651 679 3712 clausulam
707 3649 853 3711 versus9
882 3652 921 3711 ita
951 3658 1066 3710 mutare
1096 3653 1266 3711 necessario
1294 3659 1415 3713 coactus
1442 3662 1518 3721 erat,

351 3764 385 3817 ut
406 3754 556 3815 mutilatae
580 3753 723 3814 orationis
751 3753 866 3832 species
893 3753 980 3831 plane
1004 3760 1211 3823 evanesceret;
1241 3771 1275 3813 ac
1304 3754 1431 3814 forsitan
1453 3773 1519 3813 nm·

351 3859 474 3919 tationis
497 3855 559 3916 eius
582 3857 706 3932 vestigia
729 3855 865 3932 indagari
894 3857 1010 3933 possint
1032 3857 1063 3914 in
1087 3855 1200 3915 scholio
1229 3855 1265 3915 ad
1288 3874 1313 3915 v.
1339 3852 1374 3915 9:
1412 3854 1518 3918 διεπέ-

351 3962 456 4039 φραδε
483 3957 534 4020 καί
561 3976 615 4035 μοι
641 3955 762 4032 ἔειπεν·
796 3953 910 4035 ὅμοιόν
939 3953 1004 4018 ἐετι
1032 3960 1078 4038 τῷ
1108 3953 1208 4018 «ἕποε
1240 3954 1271 4018 τ’
1299 3954 1399 4033 ἔφατ’
1421 3953 1457 4019 ἔκ
1484 3955 1520 4019 τ’

351 4060 532 4140 ὀνόμαζεν»
558 4060 617 4138 (Β),
641 4077 716 4139 quae
741 4057 831 4119 verba
853 4058 930 4118 dicta
955 4077 1019 4119 esse
1043 4059 1140 4119 videri
1163 4066 1289 4137 possunt
1311 4058 1347 4117 ad
1376 4058 1518 4120 refellen-

351 4165 422 4225 dum
445 4164 591 4224 editorem
620 4161 767 4241 aliquem,
796 4162 847 4241 qui
873 4161 950 4221 hanc
978 4160 1158 4220 locutionem
1190 4166 1362 4220 mutaverat.
1408 4161 1518 4220 Verum

351 4266 427 4326 mihi
461 4267 551 4324 ctiam
586 4263 674 4324 aliam
709 4281 833 4343 eamque
867 4265 1036 4340 graviorem
1065 4262 1205 4322 athetcsis
1234 4279 1352 4321 causam
1383 4261 1520 4322 Rhianus

351 4366 491 4427 hahuisse
507 4365 638 4433 videtur,
655 4383 743 4445 quarn
759 4364 945 4424 Dttcntzerus
960 4365 988 4422 in
1011 4363 1080 4423 edit.
1106 4363 1140 4422 ad
1157 4363 1186 4422 h.
1205 4363 1223 4422 l.
1238 4365 1344 4442 paucis
1358 4362 1518 4423 indicavit:
