3312 5226
901 445 1051 540 28„

394 635 444 698 ille
468 638 581 716 primas
595 641 697 715 partes
712 642 830 713 agerem
853 635 911 696 boc
926 634 1005 695 enim
1020 634 1118 713 planis
1132 633 1233 696 verbis
1248 633 1382 696 declarat
1397 634 1562 695 Pausanias

394 739 432 799 lV
453 735 489 808 6,
512 735 547 799 3;
585 735 702 818 Ῥιανῷ
733 735 768 798 δὲ
798 733 834 799 ἐν
868 735 936 798 τοῑι
964 732 1072 799 ἔπετιν
1100 732 1198 799 οὐδὲν
1227 733 1447 814 Ἀριετομένηι
1478 733 1563 798 terto

395 838 616 918 ἀφανὲττεροε
639 837 659 913 ἢ
681 835 843 915 Ἀχιλλεὺι
866 835 901 900 ἐν
924 834 1029 899 Ἰλιάδι
1051 834 1188 919 Ὁμήρῳ.
1218 838 1315 901 Etiam
1337 836 1453 916 singula
1470 837 1563 897 multa

395 943 433 1004 ad
456 940 607 1021 exemplar
628 939 750 1000 Homeri
774 940 896 1000 linxisse
918 938 1069 1019 putandus
1090 946 1152 1008 est,
1175 945 1208 998 ut
1229 938 1347 1000 Saalius
1368 958 1398 1019 p·
1412 935 1456 999 24
1477 945 1563 1000 recte

394 1045 511 1104 monuit
534 1043 749 1102 ‘narrationem
773 1040 810 1101 de
832 1040 995 1101 immolatis
1010 1037 1256 1119 ἑκατομφονίοιι
1277 1039 1316 1100 ob
1332 1043 1447 1101 occisos
1462 1040 1565 1100 hostes

393 1163 519 1225 prorsus
541 1143 577 1203 ad
600 1145 798 1203 imitationem
813 1142 938 1204 Achillis
959 1143 990 1202 in
1012 1143 1118 1202 lunere
1140 1142 1269 1203 Patrocli
1292 1142 1334 1217 (ll.
1351 1141 1458 1222 XXlll)
1482 1158 1564 1201 com·

394 1249 521 1326 positam
552 1245 662 1305 videri'
692 1252 721 1305 et
750 1245 914 1305 Pausaniae
944 1244 1041 1305 locum
1064 1243 1101 1304 tv
1122 1240 1181 1313 21,
1211 1240 1246 1313 3,
1275 1243 1327 1304 ubi
1356 1245 1563 1304 Aristomenes

393 1355 423 1409 et
445 1346 594 1408 Tbeoolus
616 1354 713 1415 rates,
743 1362 922 1425 quamquam
944 1344 1101 1407 Messeniis
1122 1346 1287 1424 perniciem
1309 1344 1389 1406 nulla
1411 1363 1494 1405 mora
1517 1338 1563 1405 ln·

392 1451 538 1529 terposita
560 1449 674 1508 instare
698 1446 847 1514 sciebant,
870 1454 970 1507 tamen
994 1464 1115 1508 suorum
1132 1464 1389 1527 unumquemque
1412 1446 1562 1507 adhortati

394 1569 458 1613 esse
474 1557 648 1618 narrantur,
666 1549 794 1609 similem
815 1566 880 1609 esse
895 1549 1055 1623 Homerico
1070 1548 1135 1609 loeo
1150 1546 1182 1610 Δ
1197 1544 1275 1619 231,
1291 1547 1343 1608 ubi
1359 1549 1562 1626 Agamemnon

392 1654 499 1716 Danais
522 1651 622 1713 verbis
649 1653 712 1711 suis
735 1651 865 1712 animum
895 1650 1046 1712 addidisse
1075 1645 1240 1727 dicitur.¹³)
1286 1650 1328 1711 Ac
1349 1650 1423 1711 deos
1444 1667 1562 1730 quoque

393 1757 555 1817 Homerico
583 1771 667 1812 more
695 1753 781 1813 tinxit
809 1770 911 1813 rerum
934 1752 1130 1813 humanarum
1158 1769 1260 1813 curam
1290 1759 1443 1830 gerentes,
1474 1751 1562 1812 niodo

394 1858 504 1919 auxilio
528 1856 710 1931 Aristomeni
731 1855 806 1923 lato,
836 1861 869 1914 ut
891 1854 977 1915 Paos.
1002 1854 1022 1918 l.
1044 1854 1064 1914 Ι.
1090 1849 1144 1924 18,
1168 1850 1198 1914 5.
1222 1851 1256 1924 t,
1285 1851 1373 1914 modu
1395 1854 1562 1914 calamitate

393 1961 500 2028 missa,
531 1965 564 2018 nt
583 1952 639 2030 21,
669 1954 705 2027 7,
733 1954 784 2015 ubl
813 1957 914 2033 magni
943 1962 973 2014 et
1000 1955 1112 2015 assidui
1145 1954 1258 2016 imbres
1287 1952 1444 2016 Messeniis
1471 1957 1563 2016 exitio
1629 1946 1630 1951 ’

394 2068 478 2128 sunt;
503 2066 534 2119 et
555 2058 661 2135 fragm.
677 2053 700 2117 4
720 2053 822 2133 αὐδὴν
845 2053 1008 2135 εἰεάμενο(
1024 2053 1168 2134 Δωτηὶδι
1185 2053 1367 2139 Νικοτελείῃ
1389 2058 1455 2118 sine
1471 2056 1563 2117 dubio

395 2162 431 2223 ad
454 2161 543 2221 deum
566 2161 712 2239 pertinet,
737 2161 787 2237 qui
811 2164 927 2237 sumpta
950 2160 1051 2238 specie
1074 2143 1259 2228 Nicoteieae,
1282 2159 1480 2219 Aristomenis
1502 2176 1562 2218 ma·

393 2266 463 2332 tris,
487 2262 577 2323 alicui
605 2293 643 2304 —-
670 2277 724 2340 per
747 2261 896 2322 somnium
918 2260 1045 2322 tortasse
1071 2295 1113 2305 -
1140 2262 1278 2340 apparuit
1300 2267 1330 2321 et
1356 2260 1476 2321 locutus
1503 2267 1558 2321 est.

394 2366 511 2427 Pariter
534 2369 622 2443 atque
644 2362 793 2422 Homerus
821 2362 881 2423 lato
904 2369 934 2423 et
956 2362 1039 2423 dirae
1062 2365 1235 2424 necessitati
1263 2362 1417 2423 hominurn
1447 2369 1562 2423 sortem

394 2468 554 2528 obnoxiam
577 2483 642 2526 esse
665 2465 824 2531 indicavit,
848 2481 916 2524 nam
940 2465 1057 2544 saepius
1071 2464 1232 2526 Pausanias
1253 2465 1354 2544 posuit
1371 2463 1562 2525 Homericum

394 2568 468 2630 illud
492 2567 616 2629 verbum
637 2562 854 2644 πεπρωμένον
878 2584 915 2626 ex
930 2565 1046 2628 libiano
1069 2565 1261 2642 hauddubie
1283 2568 1425 2629 ascitum:
1457 2561 1508 2636 18,
1531 2561 1560 2626 6.

395 2667 453 2740 20,
478 2667 505 2729 1.
522 2665 579 2739 21,
603 2665 624 2729 6
638 2668 811 2747 ibidemque
836 2663 1038 2728 torpemus
1052 2676 1134 2729 vates
1148 2668 1235 2729 dicit:
1259 2664 1381 2730 ἁλῶναι
1397 2666 1562 2744 Μεεεήνην

396 2768 526 2834 πάντως
549 2767 613 2833 ἐετὶ
633 2767 866 2848 πεπρωμένον,
889 2786 964 2846 quae
987 2770 1107 2850 quidem
1123 2769 1212 2831 verba
1234 2768 1376 2830 facillime
1399 2777 1512 2830 coeunt
1533 2769 1561 2828 in

394 2874 601 2934 hexametrum
624 2862 719 2931 bunc':
750 2868 916 2948 Μειεήνην
937 2869 1069 2935 πάντωι
1090 2868 1304 2948 πεπρωμένον
1328 2868 1410 2934 ἐετὶν
1433 2867 1561 2934 ἁλῶναι.

395 2975 548 3037 Nocturna
571 2974 769 3033 Aristomenis
791 2975 823 3033 in
846 2980 944 3034 castra
965 2972 1267 3034 Lacedaemoniorum
1290 2974 1421 3053 irruptio
1443 2969 1507 3048 (19,
1522 2967 1559 3049 2),

394 3096 453 3158 qua
476 3076 567 3136 duces
590 3081 620 3136 et
641 3075 752 3135 milites
766 3074 933 3155 permultos
953 3075 1105 3136 interiecit
1127 3083 1159 3135 et
1179 3077 1364 3155 praetorium
1386 3074 1561 3136 tabernacu-

394 3180 454 3248 lum
478 3179 594 3258 rapuit,
629 3184 710 3236 certe
743 3175 850 3253 habuit
882 3177 978 3237 simile
1006 3176 1077 3256 quid
1107 3174 1208 3237 lliadis
1235 3176 1315 3238 libro
1343 3177 1475 3247 decimo,
1505 3192 1561 3256 quo

394 3281 494 3342 Vlixes
521 3286 552 3340 et
574 3277 734 3338 Diomedes
763 3285 852 3339 noctu
874 3276 1004 3339 Rhesum
1028 3280 1214 3358 oppressisse
1243 3280 1367 3359 eiusque
1397 3296 1492 3358 equos
1515 3296 1559 3339 ra·

395 3384 495 3462 puisse
519 3385 688 3441 narrantur.
734 3380 953 3441 Aristomenem
981 3378 1081 3460 lapide
1109 3397 1285 3459 percussum
1314 3389 1344 3442 et
1367 3379 1404 3440 ab
1426 3379 1561 3442 hostibus

395 3489 514 3563 captum
542 3480 677 3542 Rhianus
704 3499 800 3561 paene
829 3483 933 3543 eodem
963 3481 1050 3542 modo
1078 3500 1137 3561 quo
1164 3481 1312 3546 Homerus
1339 3481 1499 3543 Hectorem
1527 3478 1561 3542 ab

394 3586 485 3646 Aiace
507 3583 607 3662 lapide
630 3585 806 3661 gravissime
829 3583 1016 3644 vulneratum
1041 3584 1217 3664 descripsit:
1240 3585 1308 3646 vide
1331 3591 1441 3665 quanta
1465 3586 1504 3647 sit
1524 3583 1561 3644 si·

395 3685 535 3746 mititudo
563 3684 665 3746 verbis
693 3685 817 3747 Homeri
845 3682 873 3746 Ξ
895 3680 959 3746 409
986 3683 1045 3749 τόν
1079 3685 1137 3764 μὲν
1166 3684 1270 3749 ἔπειτ’
1303 3683 1442 3749 ἀπιόντα
1468 3684 1562 3763 μέγα(

465 3904 507 3969 13)
526 3901 679 3956 Pausanias
697 3901 767 3956 haee
784 3902 897 3956 namet:
928 3902 1058 3957 ἐπιόντες
1082 3904 1113 3957 δέ
1134 3905 1189 3970 τὴν
1212 3902 1297 3957 πόλιν
1315 3904 1422 3972 απουδῇ
1441 3905 1487 3957 καὶ
1509 3900 1560 3956 ἐπὶ

396 3988 531 4043 πάντα(
557 3988 743 4056 ἐρχόμεναι
768 3993 829 4043 τοι(
851 4003 884 4042 τε
907 3987 1135 4055 ἑντυγχόναυειν,
1164 3987 1254 4042 ὁπότε
1277 3988 1456 4042 αἰεθάναιντο
1479 3988 1561 4041 ὄντα(

398 4071 586 4142 Μεετηνῐαυε,
605 4073 833 4139 παρεκελεύοντο
845 4072 949 4140 ἄνδρα(
967 4073 1090 4138 ἀγαθοὺς
1109 4074 1182 4127 εἶναι
1201 4075 1247 4126 καὶ
1264 4073 1370 4127 ἐκτῶν
1388 4072 1487 4127 οἰκιῶν
1504 4070 1561 4126 dvc·

396 4157 503 4212 κάλουν
525 4159 594 4212 τοὺ(
617 4157 659 4210 ἔτι
680 4157 932 4225 ὑπολειπομένους.
966 4155 1082 4211 Homeri
1104 4157 1199 4211 autem
1216 4157 1303 4211 verba
1321 4158 1386 4212 sunt
1402 4156 1486 4212 haec:
1516 4155 1561 4209 αό-

395 4243 450 4310 τόρ
468 4244 484 4296 ὁ
503 4244 589 4298 neto(
606 4241 664 4295 ἐὼν
681 4242 901 4297 ἐπεπωλεῖτο
924 4241 1042 4309 cripe<
1065 4242 1211 4308 ἀνδρῶν·
1234 4244 1281 4296 καὶ
1298 4244 1330 4309 ρ’
1347 4242 1396 4298 οὓ(
1415 4243 1465 4310 μὲν
1483 4239 1560 4296 (πεύ-

397 4328 500 4380 tortor
522 4327 579 4379 ἴδοι
602 4327 728 4381 Δαναῶν
751 4329 947 4394 ταχυπώλων,
974 4327 1043 4380 τοὺ(
1068 4327 1142 4393 μάλα
1170 4328 1339 4396 θαρεύνεεκε
1361 4327 1560 4396 πορισάμενοι

398 4411 514 4465 ἐπέεεει.
