3312 5226
891 401 1037 498 Α

379 593 463 654 sibus
486 592 618 653 heroicis
641 592 760 653 condita
777 600 871 652 erant.
917 591 950 651 ln
973 591 1020 652 his
1042 592 1170 652 fortasse
1193 592 1290 669 magis
1311 610 1400 670 quarn
1424 593 1455 651 in
1478 591 1549 652 reli·

313 773 315 776 Α
384 697 452 775 quis
479 695 602 755 indulsit
629 701 785 772 poetarum
820 693 987 772 aequalium
1022 692 1122 753 studio
1150 693 1351 772 multiplicem
1381 692 1547 754 doctrinam

378 800 506 877 poeticis
528 797 665 857 artificiis
687 803 821 857 ornatam
844 795 1010 857 lectoribus
1032 793 1179 855 tradendi.
1225 794 1267 855 lle
1291 793 1476 855 Heraclea
1499 813 1550 855 au·

380 907 456 969 tem,
480 917 515 958 ex
539 915 597 977 qua
620 916 658 957 nc
674 916 751 959 unus
774 897 894 977 quidem
916 915 1020 957 versus
1042 897 1077 956 ad
1101 914 1156 956 nos
1171 898 1322 973 pervenit,
1347 895 1423 956 nihil
1439 898 1551 958 scimus

380 1002 439 1061 uisi
459 1017 537 1080 quae
560 999 597 1062 ad
620 996 645 1061 Τ
668 995 747 1068 119,
776 998 829 1059 ubi
852 1006 991 1059 narratur
1019 1016 1077 1078 qua
1099 997 1204 1058 fraude
1234 996 1309 1057 luno
1338 996 1488 1067 effecerit,
1517 1004 1551 1057 ut

379 1101 564 1181 Eurystheus
587 1107 662 1160 ante·
678 1099 837 1161 Herculem
862 1102 893 1162 in
915 1100 1013 1161 lucem
1029 1099 1185 1170 ederetur,
1209 1097 1368 1159 scholiasta
1384 1096 1550 1160 adnotavit:
1611 1102 1612 1141 l

379 1203 456 1264 unde
478 1203 687 1281 cognoscimus
715 1206 862 1263 ‘cantasse
884 1201 1032 1262 Rhianum
1060 1203 1092 1261 in
1114 1200 1260 1262 Heraclea
1289 1208 1383 1260 totam
1406 1198 1486 1259 illam
1510 1199 1547 1260 de

377 1312 446 1364 nato
474 1303 603 1364 Hercule
632 1302 779 1373 labulam,
812 1321 900 1383 quam
931 1305 1036 1382 paucis
1064 1301 1163 1362 verbis
1193 1304 1223 1363 in
1252 1301 1345 1363 lliade
1374 1318 1547 1380 expressam
1611 1256 1612 1331 l

376 1405 520 1483 legimus,
544 1413 606 1466 tum
628 1413 730 1466 uotam
753 1404 888 1465 laborum
911 1406 1036 1473 seriem,
1065 1422 1139 1484 quos
1167 1405 1239 1465 lorti
1262 1407 1362 1466 animo
1384 1420 1548 1482 perpessus

377 1509 416 1567 sit
442 1507 601 1577 Hercules,
629 1515 783 1586 postremo
811 1506 960 1587 quomodo
997 1507 1137 1584 inprimis
1164 1505 1309 1584 Apollinis
1338 1511 1367 1565 et
1396 1504 1547 1566 Minervae

377 1608 543 1688 precibnsa
557 1610 604 1670 dis
617 1608 764 1688 Olympiis
779 1608 905 1687 adeptus
920 1610 959 1668 sit
971 1607 1239 1668 immortalitatom'
1257 1605 1431 1685 (nSaalium
1443 1603 1546 1688 p.3ssl.

376 1710 461 1780 Quod
489 1730 560 1771 vero
590 1711 749 1772 scholiasta
777 1712 808 1771 in
837 1709 961 1770 Homeri
989 1708 1186 1788 explicatione
1214 1708 1324 1769 Rhiani
1354 1712 1545 1789 potissimum

376 1811 551 1874 Heracleam
574 1812 865 1875 commemorandam
894 1811 953 1873 sibi
983 1811 1083 1890 duxit,
1113 1828 1181 1870 cum
1203 1810 1342 1872 Herculis
1363 1814 1424 1874 vita
1440 1818 1476 1882 ‚et
1499 1831 1546 1872 res

375 1921 477 1991 gestae
499 1914 580 1975 haud
602 1932 671 1975 raro
694 1934 711 1975 a
732 1916 830 1994 poetis
844 1913 981 1975 versibus
1003 1912 1172 1974 celebratae
1185 1923 1299 1984 essent,
1322 1914 1353 1974 id
1369 1923 1545 1993 argumento

377 2016 496 2077 videtur
530 2034 612 2087 esse,
644 2016 795 2077 Rhianum
829 2015 945 2078 labulas
978 2014 1015 2075 ab
1043 2014 1173 2075 Homero
1203 2016 1239 2076 de
1267 2015 1395 2077 Hercule
1423 2016 1545 2079 traditas

376 2126 499 2197 praeter
521 2125 639 2180 ceteros
662 2118 823 2196 diligenter
851 2127 880 2179 et
908 2137 978 2178 cum
999 2116 1057 2179 lide
1081 2125 1216 2179 secutum
1244 2136 1310 2183 esse
1339 2124 1369 2178 et
1397 2117 1545 2179 elementa

377 2218 427 2279 illa
450 2219 621 2280 adumbrati
644 2222 724 2300 epici
739 2222 896 2290 carminIs,
920 2239 996 2300 qnae
1012 2221 1105 2281 variis
1127 2218 1201 2281 locis
1223 2220 1325 2280 Iliadis
1347 2228 1378 2281 et
1394 2219 1543 2299 Odysseae

379 2321 514 2400 dispersa
536 2328 621 2392 sunt,
645 2324 719 2382 scite
742 2325 945 2403 composuisse
976 2325 1119 2403 novisque
1147 2323 1277 2383 inventis
1300 2323 1492 2383 exornavisse
1516 2330 1544 2382 et

376 2422 552 2501 perfecisse.
596 2424 652 2485 Cui
682 2426 728 2485 rei
755 2427 884 2487 manime
913 2433 1146 2486 consentaneum
1179 2432 1240 2494 est,
1273 2424 1352 2504 qnod
1380 2412 1572 2486 Minervam

377 2521 535 2604 patronam
558 2525 699 2587 Herculis
721 2534 752 2586 et
774 2528 952 2588 adiutricem
973 2528 1072 2597 finxit,
1096 2527 1183 2587 cuius
1206 2544 1263 2605 ope
1285 2528 1316 2586 iu
1338 2526 1465 2587 deorum
1487 2545 1543 2587 nu·

306 2658 311 2665 ·
376 2645 493 2688 merum
517 2629 630 2689 ascitus
652 2630 707 2689 sit:
739 2629 813 2715 haec
841 2632 921 2690 enim
949 2632 1008 2689 iarn
1038 2627 1116 2706 apud
1145 2628 1308 2689 Homerum
1332 2626 1358 2689 Θ
1380 2625 1444 2689 362
1472 2647 1489 2688 a
1513 2647 1544 2688 se

374 2729 446 2789 dicit
479 2748 567 2808 saepe
598 2738 750 2792 serratum
784 2749 849 2792 esse
882 2731 1044 2793 Herculem
1078 2730 1238 2810 Eurysthei
1269 2728 1424 2791 laboribus
1460 2730 1542 2792 dela·

373 2832 511 2908 ligatum.

458 2922 601 2995 Graviora
623 2943 692 2995 sunt
715 2954 791 3015 quae
806 2935 968 2998 Pausaniae
985 2952 1083 3014 opera
1106 2935 1143 2995 de
1157 2934 1409 2995 Messeniacis
1424 2936 1543 3012 cognita

371 3034 532 3107 habemus,
563 3055 622 3116 quo
651 3040 784 3098 carmine
812 3037 923 3099 bellum
947 3038 1163 3098 Messeniorum
1186 3037 1351 3098 secundum
1375 3043 1404 3097 et
1427 3053 1477 3096 res
1502 3036 1538 3097 ab

372 3139 558 3199 Aristomene
588 3140 708 3199 fortiter
737 3149 766 3200 et
794 3140 924 3217 gloriose
951 3147 1049 3216 gestas
1077 3146 1252 3216 persecutus
1280 3145 1333 3200 est.
1379 3138 1422 3199 lle
1450 3138 1543 3199 rebus

374 3239 589 3301 Messeniorum
613 3243 704 3301 etiam
726 3240 830 3319 Myron
852 3239 1026 3301 Prienensis
1040 3259 1143 3302 rerum
1167 3243 1296 3321 scriptor
1318 3239 1453 3320 pedestri
1475 3258 1542 3301 ora·

373 3343 455 3401 tione
478 3341 591 3401 librum
615 3342 761 3412 coniecit,
789 3341 842 3402 sed
870 3342 950 3403 hunc
972 3342 1135 3407 Pausanias
1157 3343 1354 3423 reprehendit
1383 3351 1417 3403 ut
1445 3344 1541 3420 indig-

374 3461 463 3514 num,
486 3444 536 3503 cui
559 3461 681 3522 semper
703 3444 777 3504 fides
798 3443 943 3505 habeatur
972 3442 1023 3525 (od
1044 3444 1296 3525 προορώμενον,
1325 3443 1352 3508 εἰ
1380 3447 1486 3523 ψευδῆ
1508 3462 1542 3508 τε

373 3543 425 3607 καὶ
454 3541 493 3605 οὐ
521 3542 641 3606 πιθανὰ
669 3542 754 3610 δόξει
783 3544 888 3620 λέγειν
913 3545 948 3606 lV
970 3545 1007 3617 6,
1028 3546 1073 3628 4)“
1090 3556 1120 3608 et
1147 3548 1226 3609 libro
1254 3556 1375 3628 quarto,
1405 3566 1465 3628 quo
1493 3566 1543 3608 res

372 3645 570 3706 Messeniacas
592 3653 715 3718 tractat,
744 3651 776 3709 in
804 3648 1003 3710 describendo
1031 3648 1109 3710 bello
1132 3651 1226 3711 altero
1255 3650 1393 3727 neglecto
1415 3636 1559 3730 Myrone

373 3747 409 3809 ad
433 3748 527 3808 solum
551 3746 659 3810 Rhiani
688 3768 809 3811 carmen
838 3753 879 3812 ita
902 3752 1136 3812 accommodavit
1164 3756 1386 3823 narrationem,
1416 3759 1449 3813 ut
1477 3754 1541 3812 lere

372 3850 484 3931 ubique
506 3859 612 3928 poetae
635 3853 715 3931 epici
737 3854 862 3939 vestigia
890 3856 1111 3933 conspiciantur
1133 3862 1163 3915 et
1186 3855 1256 3915 inde
1278 3857 1374 3916 totins
1396 3856 1542 3915 carminis

371 3953 529 4014 consilium
553 3961 582 4014 et
603 3956 697 4025 ratio,
721 3973 824 4016 rerum
847 3955 1003 4036 dispositio
1026 3965 1056 4017 et
1071 3957 1216 4017 decursus
1231 3960 1352 4035 agnosci
1366 3938 1539 4037 possint.¹²l

439 4192 481 4259 12)
500 4189 554 4244 Ofr.
574 4188 605 4243 Ο.
624 4189 831 4245 Pfundtneri
849 4190 1047 4245 commentatio
1060 4190 1118 4244 ‘die
1134 4189 1231 4244 histor.
1244 4189 1361 4255 Quellen
1373 4190 1423 4245 des
1446 4191 1540 4246 Pansff’

271 4288 274 4292 ’
370 4274 541 4329 Fleckeiseni
558 4275 650 4329 annal.
667 4276 745 4329 tomo
763 4281 796 4330 99
822 4292 849 4331 a.
870 4281 935 4331 1869
953 4295 980 4346 p.
997 4281 1133 4331 441-454
1156 4277 1275 4345 inserta,
1302 4295 1358 4347 qua
1384 4275 1542 4331 rectissime

370 4359 537 4428 impugnavit
554 4359 751 4415 Mansonem
764 4361 920 4415 Pausaniae
932 4360 1123 4415 narrationem
1135 4376 1151 4417 e
1163 4362 1265 4418 Rhiani
1278 4363 1400 4417 carmine
1411 4375 1541 4417 manasse
