3312 5226
633 422 729 518 aa

24 612 26 685 j
131 609 229 677 velim,
254 610 337 671 illum
360 630 419 670 non
442 616 556 671 temere
586 610 616 671 id
639 612 793 685 statuisse,
823 611 873 669 sed
903 611 1140 670 emendationem
1169 614 1234 671 eius
1256 631 1292 671 ex

129 719 264 772 accurata
288 720 319 772 et
342 719 454 773 attenta
477 715 642 774 manavisse
665 711 782 772 dialecti
806 713 908 791 epicae
938 711 1157 772 observatione.
1197 714 1291 792 Atque

128 812 201 874 hauc
224 812 263 873 ob
286 832 405 875 causam
428 814 500 874 illud
523 810 656 890 ἄμεινον
678 811 857 890 ἐγέγραπτο
865 859 874 893 ,
903 813 981 893 quod
1005 814 1138 875 scholion
1159 813 1290 892 exhibet,

128 916 202 976 haud
226 918 291 977 seio
313 935 351 977 an
374 918 409 977 ad
432 917 597 977 Aristarchi
620 919 826 977 auctoritatem
849 915 1047 977 revocandum
1069 918 1117 975 sit.

211 1012 324 1095 s152.
368 1018 402 1078 ln
430 1019 567 1078 contione
597 1016 809 1087 ithacensium,
845 1018 914 1078 dum
943 1017 1139 1078 Telemachus
1165 1024 1195 1077 et
1222 1012 1342 1096 pro-23

127 1137 227 1180 corum
250 1117 403 1198 principes
434 1121 514 1180 inter
538 1116 572 1178 ¹se
596 1118 793 1188 altercantur,
822 1119 950 1198 Iupiter,
979 1127 1012 1179 ut
1033 1118 1203 1180 Telemachi
1225 1137 1291 1179 ora·

127 1223 199 1281 tioni
228 1223 327 1282 fausto
361 1223 461 1281 omine
491 1228 602 1282 annuat
628 1223 790 1301 procisque
824 1223 989 1300 perniciem
1018 1220 1189 1300 portendat,
1218 1220 1292 1280 duas

127 1322 239 1402 aquilas
267 1325 376 1393 mittit,
406 1342 481 1402 quae
511 1340 602 1404 super
625 1324 795 1383 contionem
818 1322 972 1401 paulisper
1001 1330 1133 1382 versatae
1157 1321 1291 1382 dextror-

126 1443 189 1485 sum
213 1426 346 1486 avolant:

253 1524 287 1590 έε
310 1524 344 1589 δ’
366 1524 471 1603 ἰδέτην
494 1524 626 1590 πάντων
649 1523 809 1604 κεφαλάς,
832 1522 969 1589 ὄειοντο
991 1524 1026 1588 δ’
1048 1522 1185 1602 ὄλεθρον

254 1626 451 1704 δρυψαμένω
475 1627 508 1689 δ’
531 1625 675 1704 ὀνύχεαι
696 1627 831 1704 nupero(
853 1624 934 1705 ἀμφί
955 1646 989 1691 τε
1013 1625 1119 1704 δειρὰς

253 1728 345 1793 δεξιὼ
368 1727 458 1806 ἤιξαν
481 1727 533 1792 διά
555 1727 587 1791 τ’
610 1725 692 1791 οἰκία
714 1727 764 1791 καὶ
785 1727 881 1791 πόλιν
904 1726 1020 1792 αὐτῶν.

127 1831 226 1892 Sdrol.
250 1829 435 1894 ὄειοντο·
464 1828 499 1893 έν
522 1835 559 1911 τῇ
587 1828 716 1893 Ῥιανοῦ
744 1828 899 1905 iecore,
928 1829 1001 1894 ἀντὶ
1030 1832 1088 1893 τοῦ
1117 1826 1213 1892 dcccv
1242 1829 1293 1892 καὶ

23 1934 24 1937 ’
127 1931 267 2010 κληδόνα
289 1930 432 1996 ἐποίουν.
455 1932 491 1993 Η.
515 1932 557 1992 ue
579 1931 663 1991 verbi
686 1928 827 1994 ὄιεεεθαι
855 1934 971 2010 origine
1000 1940 1030 1993 et
1051 1949 1121 1992 vera
1144 1933 1292 2010 signitica-
1398 1994 1401 2001 ,

126 2038 206 2096 tione
229 2054 289 2096 non
312 2054 388 2115 opus
416 2042 462 2095 est
484 2034 653 2113 disputare,
682 2052 748 2094 cum
777 2036 836 2095 iam
859 2033 896 2095 ab
918 2034 1091 2095 Aristarcho
1118 2044 1201 2094 recte
1223 2051 1292 2113 per-

127 2144 263 2217 spectum
296 2138 335 2196 sit
376 2135 408 2196 id
441 2153 500 2196 non
535 2134 703 2196 ducendum
742 2153 808 2196 esse
843 2135 879 2196 ah
917 2133 1009 2212 dcco,
1046 2142 1080 2196 ut
1111 2137 1294 2214 significaret

127 2241 229 2301 dicere
250 2238 298 2298 vel
320 2239 484 2312 augurari,
508 2237 561 2298 sed
584 2234 621 2297 ab
644 2236 738 2297 oculis
761 2233 852 2317 (ὄιεε)
877 2241 978 2316 potius
1000 2245 1031 2298 et
1052 2238 1186 2298 indicare
1200 2240 1294 2299 oculis

23 2396 24 2401 ,
127 2342 230 2402 uidem
254 2350 284 2399 et
305 2357 360 2419 per
375 2337 598 2399 translationem
615 2341 715 2397 animo
737 2340 855 2400 addere:
876 2357 903 2399 v.
919 2338 1077 2400 Lehrsium
1094 2342 1185 2400 trist.
1202 2340 1249 2399 ed.
1266 2338 1292 2398 ll

23 2430 25 2471 ²
126 2463 153 2522 p.
186 2437 242 2509 87;
280 2450 436 2521 praeterea
478 2441 534 2501 cfr.
572 2439 771 2500 Buttmannus
807 2440 886 2500 lexil.
915 2440 927 2499 l
964 2459 993 2519 p.
1023 2437 1081 2509 21,
1124 2440 1293 2502 Lobeekius

22 2538 24 2579 f
125 2545 254 2605 rhemat.
284 2562 314 2623 p.
339 2539 416 2611 257,
446 2543 498 2621 qui
523 2548 620 2601 tamen
650 2542 806 2619 utriusque
829 2540 965 2602 vocabuli
993 2544 1144 2622 principia
1166 2560 1224 2602 non
1248 2541 1292 2600 di·

22 2680 23 2713 2
127 2664 212 2706 versa
235 2646 327 2706 fuisse
356 2650 454 2723 putat,
490 2643 523 2704 G.
552 2643 672 2705 Curtius
700 2649 790 2723 etym.
819 2661 917 2721 graec.
946 2663 996 2723 pp.
1018 2640 1090 2705 407.
1114 2640 1187 2704 607.
1231 2642 1293 2702 Hoc

52 2750 56 2757 '
125 2749 193 2809 loco
221 2743 349 2806 maxime
378 2747 504 2805 interest
532 2762 654 2814 eruere,
684 2745 755 2824 quid
785 2744 932 2805 Rhianum
960 2745 1135 2814 offenderit,
1166 2752 1198 2805 ut
1224 2743 1293 2804 inde

22 2898 24 2905 ,
125 2848 198 2929 quid
223 2847 378 2926 scripserit
400 2844 596 2905 coniciamus:
626 2864 695 2906 nam
718 2846 796 2923 quod
819 2846 962 2907 traditum
985 2855 1030 2907 est
1057 2844 1168 2910 ἔιεατο
1195 2846 1293 2907 labem

126 2951 313 3011 contraxisse
336 2955 367 3007 et
388 2966 442 3026 per
469 2966 501 3006 se
530 2954 612 3027 patet
640 2955 669 3007 et
691 2948 803 3008 dudum
831 2947 1015 3010 intellectum
1043 2955 1095 3012 est.
1140 2949 1200 3010 lam
1222 2967 1294 3008 vero

127 3055 240 3114 scimus
255 3050 347 3112 luisse
363 3050 414 3128 qui
430 3045 573 3112 dccecllor
595 3049 631 3110 ab
654 3047 731 3111 dcco
753 3047 924 3110 derivarent
945 3067 1040 3129 eoque
1065 3068 1168 3111 errore
1192 3052 1292 3111 effice·

125 3162 209 3224 rent,
245 3160 279 3213 ut
306 3151 494 3213 Aristarchus
521 3153 682 3228 genuinam
713 3153 858 3230 originem
887 3155 953 3212 eius
981 3151 1065 3212 verbi
1095 3154 1291 3231 patefaceret:

126 3275 186 3335 quo
214 3257 245 3315 in
275 3271 401 3314 numero
428 3259 527 3332 potest
553 3253 688 3315 Rhianus
715 3255 807 3314 fuisse
830 3254 941 3324 videri,
975 3272 1043 3314 eum
1071 3253 1161 3315 lectio
1190 3252 1227 3314 ab
1258 3273 1294 3313 eo

127 3358 289 3418 substituta
311 3354 437 3435 Didymo
459 3356 624 3434 interprete
647 3355 728 3416 idern
743 3356 838 3416 valeat
852 3363 940 3435 atque
963 3350 1059 3418 ὄειαν
1081 3354 1133 3418 καὶ
1154 3352 1294 3432 κληδόνα

126 3457 274 3522 ἐποίουν.
320 3456 379 3518 Sed
413 3475 481 3518 cum
513 3456 600 3518 verbi
639 3452 795 3538 detector,
832 3459 918 3518 euius
951 3466 1071 3536 praeter
1102 3459 1294 3537 participium

126 3563 297 3641 praesentis
331 3557 365 3638 (Α
389 3554 460 3619 105.
494 3554 597 3619 ΞῙἹ.
631 3555 752 3619 otta.
790 3555 904 3621 α115.
936 3556 1028 3638 υ81)
1063 3567 1093 3620 et
1125 3561 1295 3639 imperfecti

125 3665 240 3724 formas
262 3656 383 3739 (acceo
406 3680 424 3722 κ
445 3655 516 3720 374.
540 3678 556 3723 c
580 3654 640 3720 153
664 3668 694 3720 et
716 3657 849 3722 ὄιιοντο
878 3656 994 3721 (224.
1018 3663 1035 3738 β
1059 3658 1130 3739 152)
1160 3668 1295 3741 tempora

127 3764 246 3844 reliqua
275 3761 311 3821 ab
340 3760 470 3820 llomero
497 3779 557 3822 non
585 3770 727 3841 usurpata
755 3769 838 3831 sunt,
874 3761 962 3822 aliam
990 3750 1132 3832 formam,
1162 3780 1237 3842 quae
1266 3772 1296 3821 et

128 3866 298 3927 sententiae
325 3870 356 3923 et
383 3871 479 3923 metro
502 3864 703 3933 satisfaceret,
732 3862 844 3941 eligere
867 3881 926 3924 non
954 3870 1071 3944 posset,
1101 3862 1199 3925 simile
1230 3881 1293 3923 ver·

127 3967 201 4028 hum
225 3964 320 4033 aliud,
344 3964 423 4044 quod
446 3982 530 4025 suam
552 3983 619 4026 cum
649 3960 726 4027 ὄιια
749 3966 925 4025 affinitatem
955 3973 985 4025 et
1007 3966 1255 4041 significationem
1278 3983 1294 4023 a

128 4068 256 4147 Didymo
279 4067 455 4145 explicatam
479 4073 582 4146 aperte
605 4066 785 4136 declararet,
815 4064 853 4126 ab
882 4085 918 4126 eo
946 4068 1075 4145 positum
1099 4082 1164 4125 esse
1186 4064 1294 4144 proba-

128 4169 191 4230 bile
214 4175 267 4228 est.
312 4170 407 4246 Atque
430 4167 486 4227 hoc
509 4167 629 4247 quidem
652 4167 765 4227 Person
788 4169 919 4228 coniecit
933 4165 1069 4230 ὄιιαντο
1085 4185 1165 4235 esse,
1189 4167 1294 4226 suflra-

128 4277 219 4350 gante
247 4269 342 4330 Maur.
371 4268 551 4338 Schmidtio,
585 4270 636 4348 qui
663 4270 703 4328 in
732 4269 920 4329 fleckeiseni
953 4268 1050 4329 annal.
1082 4261 1164 4329 1856
1197 4287 1226 4347 p.
1255 4264 1296 4330 95

128 4370 274 4432 Porsonis
296 4369 535 4431 emendationem
556 4368 695 4451 probavit
721 4376 751 4430 et
773 4369 808 4430 ad
832 4370 908 4430 hanc
931 4369 1094 4430 Rhianeam
1116 4372 1296 4450 scripturam
