3312 5226
937 392 957 454 6

872 483 994 491 w--ae.
1017 484 1023 489 .

365 591 525 662 supersunt
549 589 646 642 tamen
662 582 798 643 nonnulli
813 585 1017 660 grammatici,
1041 585 1167 644 minoris
1188 583 1231 643 illi
1248 584 1368 663 quidem
1392 589 1422 643 et
1437 585 1532 644 lamae

365 693 396 745 et
424 686 626 753 auctoritatis,
656 686 707 763 qui
735 683 831 744 adhuc
860 703 875 744 a
904 685 1122 765 philologorum
1152 687 1286 745 *cuimine
1317 692 1347 746 et
1375 686 1533 764 diligentia

365 786 490 848 salntem
525 793 612 867 atque
646 786 784 864 caliginis
817 804 874 866 qua
914 794 1056 865 teguntur
1093 788 1316 867 dissipationem
1349 794 1532 867 exspectent.

364 888 447 949 lnter
468 907 544 968 qnos
565 887 649 948 valde
672 888 841 948 mirandum
864 895 925 957 est,
956 888 1034 969 quod
1057 887 1211 960 llhiani,
1239 891 1292 968 qui
1319 891 1436 969 poetica
1459 907 1532 968 quo·

365 1010 423 1072 333
445 990 533 1051 laude
549 997 672 1050 ornatus
686 989 883 1051 honorificum
906 992 935 1051 in
957 989 1168 1051 Alexandrinis
1189 997 1291 1051 teneat
1305 990 1411 1061 locum,
1435 991 1532 1051 studia

365 1093 522 1155 Homerica
546 1098 686 1152 nontam
710 1101 847 1153 accurate
877 1098 907 1153 et
929 1094 1092 1172 exquisite,
1123 1110 1211 1172 quam
1235 1110 1289 1172 par
1316 1100 1378 1161 est,
1408 1100 1532 1153 tractata

367 1203 444 1257 sunt.
476 1194 550 1256 Nam
566 1195 684 1254 tametsi
707 1211 782 1271 quae
804 1194 833 1255 in
850 1186 980 1255 Homero
996 1194 1180 1255 recensendo
1196 1192 1372 1264 elaboravit,
1397 1212 1533 1273 magnam

365 1304 481 1377 partem
496 1295 646 1357 oblivione
662 1294 767 1357 obruta
788 1303 872 1366 suut,
896 1304 1012 1365 tamen,
1036 1305 1069 1356 ut
1084 1294 1181 1356 Wollii
1197 1292 1326 1374 verbis¹)
1349 1305 1426 1367 utar,
1450 1314 1532 1357 suam

367 1398 489 1460 Homeri
512 1399 720 1458 recensionem
743 1396 830 1458 nobis
860 1398 905 1458 vel
928 1399 1031 1478 paucis
1054 1398 1232 1475 fragmentis
1254 1396 1533 1459 desiderabiliorem

367 1500 452 1568 lacit,
487 1517 575 1579 quam
607 1499 750 1579 quidquid
783 1501 814 1559 in
848 1500 904 1561 hoc
939 1517 1049 1578 genere
1083 1499 1155 1559 lusit
1182 1498 1356 1579 Apollonius
1383 1499 1532 1568 Rhodium

366 1620 492 1682 cumque
515 1609 597 1662 tanta
620 1600 742 1662 Wollius
756 1601 851 1662 valeat
873 1602 1064 1670 auctoritate,
1088 1608 1122 1661 ut
1144 1600 1182 1662 ab
1205 1620 1240 1662 eo
1260 1602 1360 1680 magni
1382 1604 1532 1662 aestimari

367 1722 500 1765 summae
533 1710 615 1764 recte
646 1703 726 1763 laudi
758 1703 899 1773 ducatur,
933 1722 991 1763 non
1024 1721 1099 1783 opus
1130 1711 1176 1763 est
1207 1703 1257 1763 hic
1291 1703 1429 1764 subicere
1457 1723 1533 1785 quae

367 1806 476 1867 Rhiani
499 1807 530 1865 in
554 1804 671 1865 laudern
694 1810 723 1864 ct
745 1804 1033 1866 commendationem
1056 1806 1159 1867 allerri
1183 1812 1307 1885 possunt
1329 1805 1439 1867 iudicia
1462 1806 1532 1866 alio·

368 1926 451 1977 rum,
475 1908 652 1986 praesertim
676 1923 742 1966 cnm
766 1912 818 1966 aut
839 1923 963 1986 prorsus
985 1907 1135 1987 pendeant
1157 1926 1193 1967 ex
1216 1906 1322 1967 Wolfio
1345 1914 1397 1969 aut
1417 1909 1449 1968 in
1472 1907 1533 1968 lau·

368 2008 465 2069 dando
487 2007 603 2067 1111333
625 2025 691 2067 cum
715 2025 751 2067 eo
773 2005 1000 2087 consentiant.²)

453 2109 549 2170 Huius
570 2109 663 2187 igitur
685 2110 784 2170 critici
813 2108 892 2170 haud
920 2109 1130 2171 contemnendi
1152 2110 1322 2172 Homericis
1344 2111 1453 2172 studiis
1475 2130 1533 2172 non

369 2230 433 2271 eam
461 2229 580 2280 curam,
609 2229 666 2291 qua
696 2210 783 2288 digna
813 2219 927 2280 essent,
962 2211 999 2272 ab
1027 2210 1199 2273 hominibus
1227 2210 1323 2274 doctis
1350 2215 1533 2292 impertitam

368 2330 434 2374 esse
457 2312 530 2374 dixi.
575 2311 649 2373 Nam
677 2314 729 2392 qui
756 2311 853 2372 adhuc
875 2312 912 2373 de
942 2312 991 2374 illo
1013 2314 1180 2392 peculiares
1206 2314 1323 2376 libellos
1350 2308 1566 2395 conscripse?

369 2409 480 2494 ronti),
493 2433 561 2475 curn
576 2416 742 2475 carminum
759 2416 826 2475 eius
842 2415 985 2495 reliquias
1001 2415 1185 2493 colligerent,
1196 2423 1314 2496 poetam
1331 2418 1533 2496 potiusquam

368 2519 594 2596 grammaticum
618 2523 816 2596 respexerunt
838 2524 927 2597 atque
950 2517 987 2577 ab
1008 2517 1175 2578 Homericis
1196 2520 1261 2578 eius
1277 2518 1384 2579 studiis
1405 2527 1535 2580 tractan-

369 2619 416 2680 dis
439 2637 470 2679 se
494 2618 704 2679 abstinuerunt
725 2637 785 2679 nno
808 2618 933 2679 Saalio
956 2626 1094 2699 excepto,
1118 2622 1169 2699 331
1192 2638 1371 2699 quamquam
1393 2621 1535 2681 disserta·

368 2721 462 2782 tionis
483 2726 600 2799 partem
623 2719 745 2781 alteram
768 2722 800 2781 in
823 2721 879 2781 hac
902 2740 935 2781 re
951 2723 1152 2800 consumpsit,
1174 2721 1254 2782 solos
1276 2728 1374 2783 tamen
1389 2721 1536 2783 Rhianea-

370 2841 437 2883 rum
459 2822 621 2882 lectionum
637 2821 753 2882 iudices
769 2822 891 2883 scholiis
905 2823 941 2884 ad
957 2823 1120 2884 Homerum
1143 2823 1181 2884 ab
1197 2823 1365 2885 editoribus
1380 2811 1537 2886 adiunctos

370 2925 543 3002 exscripsit,
567 2924 648 2985 nullo
671 2942 774 2985 earum
798 2927 933 2986 examine
957 2927 1104 2986 instituto.
1149 2924 1252 3005 Neque
1276 2944 1345 2986 vero
1368 2923 1475 3006 quihus
1497 2925 1535 2986 Μ.

370 3024 681 3105 Sengebuschins
715 3026 894 3088 industriam
926 3027 956 3087 iu
990 3026 1119 3087 Homero
1152 3027 1337 3089 recensendo
1365 3018 1387 3087 ‘a
1420 3026 1536 3087 Rhiano

370 3129 542 3189 collocatam
565 3128 770 3198 adumbravit,
801 3127 839 3187 ab
868 3130 948 3189 omni
971 3135 1055 3208 parte
1083 3128 1190 3190 idonea
1219 3137 1303 3199 sunt,
1332 3148 1408 3210 3333
1437 3147 1536 3190 veram

371 3233 437 3291 eius
459 3238 489 3290 et
504 3247 673 3309 expressam
698 3229 858 3306 imaginem
872 3229 1019 3299 reserant,
1043 3248 1140 3309 neque
1164 3234 1214 3311 qui
1230 3250 1327 3311 nuper
1350 3231 1387 3291 de
1403 3239 1535 3292 veterum

371 3331 478 3392 studiis
500 3331 668 3391 Homericis
690 3332 762 3391 satis
791 3330 888 3409 amplo
915 3330 992 3392 libro
1015 3341 1230 3395 commentatus
1258 3334 1295 3395 de
1318 3333 1433 3397 eriano
1456 3353 1536 3394 sum-

440 3600 465 3665 1)
482 3596 613 3667 Prolegg.
630 3616 659 3668 p.
679 3604 736 3654 188

438 3682 465 3751 2)
483 3682 525 3736 Ex
541 3681 643 3736 Wolfio
660 3681 786 3752 pendent
803 3682 1078 3738 Graefenhanius
1101 3684 1199 3741 Gesch.
1210 3684 1354 3740 derklass.
1379 3685 1480 3742 Philol.
1498 3686 1537 3740 im

371 3767 492 3822 Aller'oh.
521 3767 601 3821 Bonn
626 3772 705 3835 1843,
726 3768 780 3821 vol.
803 3768 815 3820 I
836 3786 866 3838 p.
885 3774 944 3824 389,
974 3769 1000 3821 Il
1022 3788 1050 3839 p.
1074 3776 1130 3837 110,
1165 3769 1384 3837 Siebelisius,
1407 3770 1537 3833 Nicolaus

371 3851 518 3917 Sacellum
547 3869 609 3907 cum
635 3868 669 3907 eo
696 3851 872 3907 consentiunt
899 3853 1041 3922 Augustus
1065 3854 1268 3921 Meinekius,
1295 3855 1332 3910 M.
1360 3856 1537 3924 Sengebu-

372 3937 487 3992 schins
504 3936 585 3991 Hom.
605 3936 671 3991 diss.
690 3937 704 3990 Ι
721 3955 748 4006 p.
768 3943 810 3991 47.

439 4024 465 4091 3)
483 4021 592 4077 Primus
610 4022 645 4077 de
662 4020 772 4076 Rhiano
790 4038 915 4077 seorsum
933 4023 1088 4093 (1133313311
1111 4023 1223 4091 eiusque
1246 4024 1407 4093 fragmenta.
1425 4024 1539 4093 collegit

372 4106 578 4163 Siebelisius
595 4106 746 4176 scriptione
765 4106 931 4162 scholastica
949 4107 1083 4164 Budissae
1106 4125 1130 4163 3.
1152 4114 1216 4162 1819
1235 4106 1324 4176 edila,
1345 4108 1441 4177 paucis
1458 4108 1538 4164 33313

371 4194 435 4262 post
457 4191 623 4248 Nicolans
646 4190 1211 4262 8331133113.13333.Β3333331831
1230 4191 1319 4259 edita,
1337 4210 1420 4261 quem
1437 4192 1537 4247 deinde

372 4277 481 4347 excepit
497 4276 672 4347 Augustus
688 4275 877 4331 Moinokius
899 4276 1148 4345 commentatione,
1171 4294 1243 4345 quae
1260 4277 1403 4332 Analeclis
1419 4277 1538 4332 Alexan-

373 4361 459 4419 drinis
476 4360 598 4419 Berolini
615 4378 640 4418 3
660 4365 725 4416 1843
743 4360 826 4416 editis
843 4362 950 4416 inserta
967 4361 1018 4415 331.
1479 4371 1483 4378 ·
