3312 5226
654 412 807 509 *aa*

147 601 254 669 cessil;
278 600 406 679 denique
430 615 499 660 curu
522 603 581 661 iam
597 602 761 673 Zenodoto,
785 604 836 682 qui
858 599 1038 679 ἐπιετομία(
1053 603 1190 680 scripsit,
1215 601 1317 680 displi-

147 704 267 762 cuerint
295 701 492 780 ἐπειβολίαι,
522 722 598 783 quae
629 725 644 765 a
667 705 826 768 scholiasta
853 703 977 779 γελοῖαι
1006 704 1205 784 appellantur,
1236 702 1317 763 illius

150 806 329 865 auctoritate
353 813 382 864 et
406 805 541 885 exemplo
562 806 697 867 Rhianus
718 805 853 885 inpulsus
876 824 942 866 esse
958 806 1090 877 videtur,
1115 812 1147 865 ut
1169 807 1228 865 nisi
1252 823 1317 863 ver·

148 904 232 973 sibus
253 907 341 986 plane
364 909 491 968 resectis
513 910 567 967 toti
591 908 656 968 loco
685 907 841 968 medellam
870 906 1007 967 adhiberi
1036 926 1094 970 nou
1123 924 1209 987 posse
1238 905 1316 967 arbi-

146 1013 287 1069 traretur.
335 1008 377 1069 lle
401 1012 500 1069 causis
522 1018 621 1070 autem
643 1012 718 1089 ipsis
740 1024 800 1070 non
823 1029 898 1089 opus
925 1017 971 1071 est
991 1009 1129 1089 pluribus
1152 1010 1314 1089 disputare,

148 1128 216 1170 cum
239 1110 367 1171 lectores
390 1112 541 1172 remisisse
565 1113 692 1173 sufficiat
714 1113 758 1172 ad
774 1131 825 1182 ea,
849 1129 924 1189 quae
941 1111 1112 1174 Nitzschius
1135 1112 1155 1172 l.
1178 1113 1197 1172 l.
1222 1112 1316 1171 veris·

147 1214 223 1272 sime
246 1213 372 1273 monuit.

232 1333 253 1376 α
273 1310 346 1375 279.
392 1314 424 1375 Io
448 1315 583 1394 longiore
612 1319 760 1387 oratione,
791 1315 854 1397 qua
870 1317 1004 1379 Minerva
1031 1315 1086 1376 sub
1109 1315 1225 1376 Mentae
1248 1309 1346 1394 per-3

147 1434 219 1477 sona
242 1416 452 1477 Telemachum
477 1419 666 1489 adhortatur,
695 1429 728 1479 ut
751 1419 787 1479 de
810 1421 906 1498 patris
928 1419 1028 1480 reditu
1051 1419 1233 1478 sciscitatum
1262 1416 1316 1495 ry-

147 1519 208 1579 lum
232 1519 429 1600 Spartamque
453 1522 512 1581 iter
533 1523 638 1592 iaciat,
662 1540 730 1582 cum
754 1522 809 1582 alia
833 1530 896 1581 tum
919 1522 993 1582 haec
1015 1520 1139 1581 suadet:

299 1675 479 1750 μνηετῆραι
501 1673 558 1750 μὲν
581 1670 633 1735 ἐπὶ
656 1673 794 1752 εφέτερα
817 1672 995 1736 crievecuer
1018 1671 1157 1754 ἄνωχθι,

189 1771 252 1836 275
296 1774 420 1852 μητέρα
443 1775 492 1855 δ’,
515 1773 544 1836 εἴ
567 1771 597 1838 οἱ
620 1775 719 1853 θυμὸν
741 1773 936 1857 ἐφορμᾶται,
958 1775 1141 1853 γαμὲεεθαι·

300 1860 347 1953 dur
370 1874 430 1938 ἴτω
453 1875 485 1939 ’ἐν
508 1876 649 1954 μέγαρον
664 1877 786 1955 πατρὸς
801 1877 881 1955 μέγα
903 1876 1112 1954 δυναμένοιο·

299 1976 331 2039 οἱ
353 1977 389 2039 δὲ
411 1976 516 2056 γάμον
538 1977 682 2044 τεύξοοα
704 1978 754 2041 καὶ
775 1978 984 2056 ἀρτονέοιιαν
1007 1979 1103 2043 ἔεδνα

300 2077 409 2143 πολλὰ
431 2077 519 2161 μάλ’,
543 2078 619 2144 dcco
642 2079 728 2143 ἔοικε
751 2080 847 2159 φίλη(
870 2079 923 2144 ἐπὶ
945 2081 1061 2144 παιδὸς
1084 2080 1220 2144 taschet.

299 2182 348 2244 (οὶ
371 2180 405 2243 δ’
426 2179 513 2263 αὐτῷ
534 2184 676 2246 πυκινῶν
698 2179 913 2264 ὑποθήεομαι,
936 2180 1026 2246 αἴκε
1048 2182 1164 2260 πίθηαι.

189 2279 254 2344 280
301 2282 357 2360 νῆ’
378 2281 477 2360 ἄρνα(
499 2281 640 2365 ἐρένῃαν
663 2281 814 2365 ἐείκοειν,
835 2282 856 2360 ἥ
878 2302 926 2347 τι(
948 2283 1055 2362 dolcat]
1078 2292 1134 2346 cet.

149 2435 247 2496 Schol.
272 2434 308 2494 ad
331 2431 408 2495 279:
438 2431 535 2498 οὗτοι
558 2435 594 2497 δὲ
616 2433 635 2497 ὁ
658 2434 762 2513 crixo(
790 2432 826 2499 ἐν
852 2439 890 2517 τῇ
918 2435 999 2498 κατὰ
1026 2433 1155 2499 Ῥιανὸν
1184 2431 1244 2497 οὐκ
1264 2431 1314 2512 ἠν.

146 2535 234 2596 ΗΜ.
263 2534 344 2596 Vnus
368 2538 494 2616 quisque
523 2556 582 2597 non
608 2537 780 2611 admonitus¹
798 2554 932 2598 errorem
956 2539 986 2597 in
1010 2537 1058 2597 his
1080 2534 1227 2614 intellegit
1249 2554 1315 2596 esse

147 2646 177 2698 et
201 2656 302 2699 verum
325 2639 435 2699 vidisse
458 2637 669 2708 Cohetium,
693 2657 759 2700 cum
783 2640 952 2701 adnotaret:
976 2638 1054 2700 ‘Non
1077 2639 1195 2699 videtur
1218 2639 1315 2698 omitti

146 2759 234 2820 posse
262 2741 311 2801 hic
338 2759 451 2801 versus.
496 2741 636 2802 Fortasse
666 2742 758 2819 igitur
789 2741 857 2802 loco
885 2750 965 2802 mota
993 2749 1039 2802 cst
1066 2740 1174 2801 Rhiani
1202 2741 1315 2800 mentio

145 2842 375 2923 pertinebatque
400 2843 435 2903 ad
466 2862 490 2902 v.
513 2839 598 2905 2832
644 2842 719 2903 Nam
749 2843 905 2904 aberrasse
934 2844 990 2903 hoo
1023 2842 1159 2903 scholion
1188 2861 1205 2902 a
1232 2847 1315 2929 recto

145 2945 228 3021 luco,
254 2963 290 3006 eo
312 2964 431 3026 quoque
454 2947 664 3015 confirmatur,
688 2945 767 3023 quod
784 2964 819 3004 ex
835 2944 981 3004 Iliadortii
1005 2944 1180 3004 testimonio
1202 2942 1232 3002 in
1248 2942 1314 3002 cod.

146 3047 173 3106 H
200 3048 273 3108 haec
305 3047 396 3108 verha
429 3049 529 3108 versui
558 3048 762 3127 superscripta
797 3053 866 3106 sunt
896 3065 1025 3107 amano
1057 3044 1203 3113 secunda,
1237 3061 1313 3123 quae

146 3150 236 3227 spatii
258 3151 411 3217 rationem,
429 3148 541 3210 habere
565 3148 709 3218 debehat;
740 3148 791 3208 sed
814 3147 893 3229 quod
917 3147 1059 3209 Cohelius
1081 3147 1117 3206 de
1140 3163 1229 3205 versu
1251 3140 1314 3205 283

146 3252 270 3328 cogitat,
294 3250 323 3310 id
346 3251 420 3312 milri
443 3270 549 3331 parum
573 3250 718 3312 credibile
741 3256 800 3320 est,
824 3269 892 3310 cum
909 3250 1002 3310 multo
1025 3254 1158 3330 praestet
1179 3245 1313 3308 scholion

145 3352 183 3412 ad
205 3371 231 3412 v.
255 3348 474 3423 marauna,
499 3356 610 3433 quippe
638 3354 689 3433 qui
717 3371 836 3414 versum
858 3348 921 3413 279
948 3351 1083 3431 proxime
1106 3349 1262 3410 antecedat
1284 3355 1315 3409 et

145 3457 211 3515 sine
234 3455 399 3515 sententiae
422 3455 609 3515 incommodo
633 3454 768 3516 exsulare
791 3455 900 3534 possit,
929 3454 960 3514 id
983 3452 1062 3532 qnod
1086 3458 1208 3532 praeter
1230 3451 1313 3511 imm.

145 3556 354 3617 Bekkerum
377 3559 467 3617 etiam
489 3556 562 3617 Lud.
587 3556 885 3617 Friedlaendero
908 3557 1003 3617 visum
1025 3561 1084 3624 est,
1108 3556 1159 3633 qui
1183 3556 1214 3613 in
1230 3552 1313 3614 Anal.

145 3658 232 3720 Hom.
257 3658 370 3738 (Jahrb.
394 3659 416 3718 l.
440 3658 526 3719 class.
550 3657 657 3718 Philol.
687 3658 792 3737 Suppl.
814 3657 854 3717 ΙΙΙ
876 3678 904 3738 p.
927 3653 1001 3734 478)
1031 3655 1067 3716 rle
1095 3657 1235 3716 universo
1257 3655 1314 3714 hoc

145 3760 211 3820 loco
233 3760 382 3841 prolixius
404 3757 567 3839 disputavit
589 3766 619 3818 et
641 3761 672 3818 in
695 3765 756 3818 tota
771 3739 922 3819 Minervae
945 3760 1080 3819 oratione
1102 3765 1165 3818 tres
1181 3757 1313 3817 diversas

41 3936 45 3937 γ
145 3864 340 3923 recensiones
369 3863 583 3923 contaminatas
616 3879 681 3921 esse
716 3861 879 3921 contendit.
923 3859 1031 3919 Voluit·
1051 3865 1151 3918 autem
1178 3857 1314 3918 Rhianus

146 3966 212 4025 siue
235 3963 326 4026 dubio
349 3962 523 4024 ‘molestam
546 3963 627 4023 illam
648 3964 855 4023 iterationem'
879 3960 1000 4031 tollere,
1029 3979 1087 4040 qna
1106 3962 1226 4034 ,iactum
1257 3963 1312 4026 est,

145 4072 180 4126 ut
200 4067 288 4145 paulo
310 4075 379 4146 post
400 4082 505 4127 versus
526 4065 642 4144 legatur
664 4062 803 4124 similiter
830 4064 940 4124 cadens
962 4072 992 4123 et
1014 4063 1066 4143 qui
1089 4060 1126 4120 ab
1149 4078 1200 4128 eo,
1224 4076 1312 4138 quern

146 4168 311 4239 damnavit,
335 4156 501 4249 'postremis
528 4173 642 4229 tantum
672 4165 770 4225 verbis
798 4164 1013 4242 distinguatur:
1051 4181 1077 4223 ν.
1099 4156 1162 4221 292
1184 4157 1313 4222 πολλὰ

145 4267 245 4349 μάλ’,
269 4266 363 4333 dcco
385 4268 508 4351 ἔοικε,
530 4268 582 4332 καὶ
604 4265 694 4346 ἀνέρι
715 4264 835 4345 μητέρα
856 4267 979 4328 δοῦναι.
1135 4274 1137 4278 ’

1076 4383 1111 4436 3*
