3312 5226
906 394 1058 491 ji—

400 588 567 648 hristonico
583 584 780 666 explicantur,
804 585 860 645 hoc
875 584 940 645 loco
955 585 1084 645 ollensos
1099 585 1265 664 quinque
1287 602 1394 647 versus
1416 602 1471 665 pro
1494 584 1558 670 sub·

398 689 511 749 ditIciis
533 688 689 758 habuisse,
713 687 853 749 videntur
875 693 995 767 praeter
1018 695 1081 747 tres
1102 685 1169 747 illus
1184 704 1288 747 versus
1310 686 1459 747 aRhiano
1481 686 1557 748 dam·
1584 674 1588 685 ’

397 798 483 852 natos
505 793 595 852 ctiam
619 786 680 852 161
703 800 733 851 et
756 785 817 851 162
840 790 976 851 eiecisse.
1022 788 1081 850 Sed
1103 788 1180 849 hanc
1208 790 1356 849 rationem
1384 790 1443 850 iam
1466 789 1559 851 Nitz·

397 894 526 954 schius
548 893 634 955 dnm.
657 912 694 953 ru
716 892 804 959 Hom,
826 891 881 953 Od.
906 891 918 951 l
941 911 970 971 p.
993 886 1072 961 247,
1095 893 1148 971 qui
1169 891 1259 952 huius
1281 891 1339 951 loci
1362 892 1559 969 integritatem

397 997 545 1075 sagaciter
567 992 921 1074 deiendit,iuprohavit,
945 999 975 1053 et
989 1009 1168 1072 quamquam
1192 993 1219 1052 ei
1242 994 1374 1072 primum
1396 993 1433 1053 de
1448 993 1559 1054 Rhiano

397 1097 528 1159 scholion
556 1099 743 1176 incognitum
772 1104 851 1166 erat,
886 1114 946 1156 nou
979 1096 1113 1179 quinque
1146 1093 1199 1155 sed
1228 1101 1291 1155 tres
1319 1113 1422 1156 versus
1453 1097 1559 1155 eiectos

346 1271 352 1277 ¹
396 1218 462 1261 esse
485 1201 631 1269 coniecit,
661 1201 710 1260 cui
739 1201 907 1261 sententiae
930 1198 1056 1258 accessit
1079 1196 1157 1257 Guil.
1188 1197 1429 1267 Dindorlius,
1459 1198 1559 1276 quiin

292 1370 295 1375 g
396 1301 487 1363 schol.
512 1303 559 1362 ed.
582 1294 611 1376 γ’
635 1304 779 1381 reposuit.
810 1301 920 1361 Contra
944 1298 1074 1360 oblocuti
1097 1307 1166 1360 sunt
1188 1299 1383 1380 Rumplius
1405 1300 1443 1360 de
1466 1316 1558 1376 γαμο·

395 1401 485 1482 ποιίᾳ
507 1403 632 1463 Menelai
656 1423 685 1483 p.
708 1401 730 1463 4
751 1411 813 1465 not.
835 1399 856 1464 5
884 1410 915 1462 et
937 1401 1196 1479 llenuingsius
1218 1401 1330 1462 Telem.
1352 1421 1383 1482 p.
1408 1397 1483 1469 184,
1511 1402 1558 1480 qui

395 1505 503 1566 iisdem
526 1506 590 1564 iere
620 1507 804 1583 argumentis
833 1523 867 1564 ac
896 1503 1066 1564 Nitzschius
1093 1505 1154 1574 usi,
1186 1522 1252 1564 cum
1282 1502 1414 1565 scholion
1442 1504 1557 1563 tertium

395 1607 560 1667 adversus
584 1601 751 1666 158-162
778 1607 930 1684 pertinere
959 1612 1118 1683 negarent,
1146 1607 1248 1686 potius
1269 1624 1374 1687 versus
1397 1601 1558 1666 163—167

395 1707 434 1769 ah
456 1707 629 1768 Aristarcho
658 1714 773 1767 amotos
801 1725 866 1767 esse
893 1715 1082 1786 putaverunt.
1128 1706 1170 1766 lie
1192 1707 1309 1768 Rhiano
1337 1715 1437 1768 autem
1465 1715 1558 1768 tacue-

394 1819 480 1881 runt,
504 1811 563 1870 uisi
587 1809 666 1888 quod
681 1807 886 1887 Heuniugsius
908 1816 941 1869 ut
963 1811 1188 1886 grammaticum
1212 1816 1241 1869 et
1255 1818 1373 1890 poetam
1389 1809 1558 1870 Cretensem

393 1930 500 1992 parum
522 1912 674 1987 cognitum
698 1909 796 1970 obiter
820 1927 887 1969 enm
910 1913 1161 1970 commemoravit.
1194 1911 1251 1971 Sed
1267 1912 1342 1972 haec
1356 1921 1511 1990 utcunque
1531 1928 1558 1969 se

393 2012 507 2074 habeut
527 2046 570 2056 -
592 2030 660 2072 nam
688 2012 763 2071 mihi
784 2012 906 2091 quidem
928 2013 1035 2072 horum
1059 2014 1206 2073 sententia
1237 2032 1296 2073 non
1324 2023 1385 2073 tam
1413 2019 1498 2073 certa
1520 2018 1559 2072 est

394 2133 483 2195 quam
506 2114 651 2201 Amnista,
681 2115 733 2193 qui
761 2114 792 2172 iu
822 2113 987 2192 appendice
1016 2114 1052 2174 ad
1076 2114 1180 2194 Odyss.
1210 2116 1229 2176 δ
1254 2111 1315 2176 158
1345 2133 1409 2175 eam
1439 2131 1559 2194 prorsus

394 2211 642 2297 comprobavit²⁷l
666 2247 709 2262 -«
730 2222 874 2285 nonest,
898 2233 951 2275 cur
974 2214 1101 2276 traditae
1124 2217 1261 2277 codicum
1284 2219 1449 2278 memoriae
1473 2216 1558 2278 dillisi

395 2338 410 2380 a
433 2318 549 2379 Rhiaoo
573 2316 648 2379 alios
669 2335 773 2378 versus
788 2335 876 2397 quam
894 2313 1062 2377 158-160
1077 2319 1291 2379 exterminatos
1306 2337 1371 2380 esse
1388 2326 1557 2382 statuamus.

393 2421 468 2482 Nam
490 2423 621 2500 primum
643 2420 731 2481 lacile
754 2438 770 2479 e
793 2420 1010 2480 sententiarum
1041 2420 1147 2488 ordine
1175 2428 1206 2481 et
1227 2439 1306 2482 nexu
1334 2424 1467 2482 amoveri
1495 2439 1557 2501 pos·

394 2530 477 2591 sunt,
509 2541 564 2583 uec
592 2523 751 2601 quicquam
781 2521 816 2581 ad
839 2521 1041 2599 integritatem
1063 2524 1207 2584 orationis
1229 2523 1326 2594 deest,
1356 2542 1424 2584 cum
1452 2521 1555 2586 κείνου

392 2622 450 2700 μέν
471 2642 523 2685 τοι
545 2620 600 2684 dh?
622 2616 690 2685 υἱός
712 2620 886 2700 ἐτήτυμον,
914 2620 959 2685 ὡ(
980 2620 1147 2700 ἀγορεύει(
1169 2632 1199 2684 et
1220 2621 1322 2702 αὐτὰρ
1345 2622 1399 2702 ἐμὲ
1420 2623 1555 2702 προέηκε

394 2723 543 2803 Γερήνιος
564 2721 687 2786 ἱππότα
703 2721 832 2802 Νέετωρ
854 2726 926 2807 satis
948 2732 1016 2805 aptc
1038 2727 1118 2786 inter
1140 2744 1171 2786 se
1188 2735 1397 2789 conectaotur:
1419 2728 1556 2807 hequem

392 2828 434 2903 tia
464 2828 542 2887 enim
570 2833 640 2886 sunt
669 2825 805 2906 exempla
832 2826 1047 2905 particularum
1077 2826 1136 2905 μέν
1155 2847 1205 2890 τοι
1230 2826 1285 2908 (vel
1313 2827 1380 2908 μέν)
1406 2835 1435 2888 et
1459 2824 1555 2903 αὐτάρ

392 2930 473 2988 inter
495 2947 527 2990 se
550 2929 769 3009 oppositarum,
802 2936 835 2988 ut
857 2930 875 2991 δ
897 2926 959 2988 411
989 2928 1102 3007 φώκατ
1123 2928 1181 3009 μέν
1204 2948 1253 2992 τοι
1275 2933 1406 3007 πρῶτον
1430 2926 1556 3009 ἀριθμή-

392 3049 437 3093 τει
460 3028 510 3094 καὶ
531 3027 666 3093 ἔπειτιν·
701 3027 803 3106 αὐτὰρ
831 3028 912 3107 ἐπὴν
940 3028 1160 3109 πεμπόκεεται,
1181 3040 1253 3114 cet,
1281 3030 1306 3094 Α
1327 3030 1378 3097 51.
1404 3029 1475 3094 127.
1500 3027 1555 3094 331

392 3140 422 3193 et
445 3129 517 3194 333.
541 3133 564 3193 Β
587 3128 629 3192 48
653 3139 684 3192 et
704 3128 756 3193 50.
788 3128 859 3192 102.
881 3128 956 3194 405.
989 3129 1082 3194 [16.
1107 3129 1148 3194 68
1176 3132 1243 3195 aliis
1271 3135 1354 3199 locis.
1399 3135 1555 3196 Praeterea

392 3252 462 3295 vero
484 3252 590 3295 causas
613 3234 645 3292 in
667 3232 781 3294 scholio
809 3233 903 3294 altero
925 3233 1055 3314 prolatas
1082 3237 1275 3315 perspicuum
1298 3246 1343 3298 est
1365 3238 1424 3297 uisi
1446 3237 1484 3297 ad
1507 3236 1557 3296 hos

391 3354 496 3396 versus
523 3337 646 3396 omnino
673 3354 734 3396 uon
761 3335 925 3415 quadrare,
959 3337 990 3396 id
1025 3337 1103 3416 quod
1138 3340 1227 3399 etiam
1257 3338 1461 3416 llenningsius
1490 3355 1556 3399 con·

460 3604 505 3670 il)
523 3601 597 3655 Nam
624 3601 699 3670 quod
725 3602 907 3672 Rumplius
929 3602 1050 3672 primum
1072 3606 1270 3672 argumentum
1291 3604 1436 3674 proponit,
1463 3617 1557 3661 versus

392 3691 527 3743 158-162
554 3702 589 3739 ex
616 3686 743 3742 oratione
770 3685 894 3742 amoveri
911 3703 967 3741 non
984 3688 1079 3756 podse,
1106 3688 1172 3756 quin
1197 3706 1293 3744 versus
1313 3695 1360 3743 157
1380 3691 1409 3744 et
1428 3695 1477 3745 163
1495 3706 1556 3745 con-

390 3769 471 3840 iungi
486 3772 641 3838 nequeant,
664 3772 718 3826 hoc
729 3788 781 3842 per
792 3788 822 3826 se
840 3770 954 3840 quidem
966 3772 1081 3845 concedi
1091 3773 1183 3840 debet,
1201 3774 1232 3828 at
1244 3774 1417 3843 infringitur,
1438 3775 1556 3829 obinat-

391 3855 534 3912 starchum
556 3856 669 3910 eosdem
690 3859 748 3912 tres
769 3873 864 3910 versus
889 3872 957 3924 quos
978 3856 1119 3912 Rhianum
1142 3857 1254 3913 eiecisse
1276 3860 1416 3928 putamus.
1449 3857 1557 3913 Deinde

391 3940 553 4010 quod-dicit
570 3957 666 3996 causas
679 3940 840 4010 suspitionis
857 3940 887 3994 in
904 3940 1008 3996 scholio
1027 3942 1112 3996 tertio
1131 3941 1255 3997 adiectas
1266 3942 1295 3997 in
1306 3948 1557 4008 versus163-16‘l‚

389 4042 446 4080 non
463 4025 493 4079 in
509 4043 604 4081 versus
623 4031 756 4080 158-162
775 4026 928 4095 quadrare,
947 4026 1057 4081 obicere
1074 4026 1153 4093 licet,
1176 4027 1264 4082 verba
1289 4029 1347 4082 ὑπὸ
1366 4029 1431 4082 νέου
1449 4029 1559 4082 παντά-

390 4128 455 4166 noct
473 4112 601 4177 λέγετθαι
619 4111 756 4179 ἀπρεπεῖ(
774 4113 901 4180 spectare
924 4111 961 4165 ad
978 4110 1119 4166 Pisistrati
1141 4112 1229 4166 verba
1246 4114 1318 4168 ἀλλὰ
1336 4114 1472 4181 (αόφρων
1491 4111 1556 4177 tert,

390 4212 462 4263 quae
479 4195 609 4250 iuvenem
627 4194 662 4249 de
679 4194 778 4250 iuvene
795 4196 958 4265 loquentem
975 4196 1064 4250 videri
1085 4198 1203 4264 possunt
1225 4197 1271 4252 vix
1293 4196 1408 4265 decere,
1431 4199 1460 4252 et
1482 4196 1558 4250 idem

389 4281 447 4334 fere
470 4295 530 4333 esee
557 4282 641 4349 atque
664 4282 717 4349 οὐχ
745 4282 926 4350 ἁρμόττοντα
949 4287 992 4350 τῷ
1015 4282 1216 4348 Πειειετράτου
1240 4283 1400 4353 προτώπῳ,
1425 4297 1498 4351 quae
1529 4279 1558 4333 in

390 4363 480 4418 altero
497 4363 602 4417 scholio
620 4364 758 4433 leguntur.
