3312 5226
890 343 931 407 88

834 433 984 442 ‚m

326 543 350 600 si
374 547 508 619 spectes,
539 534 678 614 ἔμπεδος
707 537 831 615 proprie
861 542 905 595 est
933 531 968 597 ἐν
996 532 1085 614 πέδῳ
1113 531 1161 598 ὤν
1189 536 1250 595 sive
1278 530 1493 612 πεπηγμὲνοε,

326 646 356 703 in
380 641 444 702 solo
467 648 548 701 stans
571 639 632 698 sive
655 637 747 699 fixus:
772 640 872 717 itaque
896 636 931 696 de
955 653 1042 697 muro
1070 637 1182 698 dicitur
1212 634 1244 700 Μ
1267 632 1296 695 9.
1321 631 1359 695 12
1386 635 1494 711 τεῖχοι

325 743 462 820 Ἀχαιῶν
486 732 643 819 έμπέδον,
673 746 703 799 ot
725 739 761 798 do
785 736 924 799 columna
954 734 1063 798 Ρ434
1092 734 1173 802 dicre
1202 736 1296 814 ιτήλη
1324 735 1412 815 μένει
1440 735 1494 814 ἔμ-

325 846 442 919 πεδον,
468 842 521 903 nbi
543 843 609 900 eius
631 858 815 919 synonymon
838 847 883 900 est
898 835 1069 916 ἀεφαλέωε
1093 838 1128 918 (ν.
1143 835 1232 917 436),
1256 839 1292 899 dc
1308 838 1400 900 Vlixis
1415 839 1494 899 lecto

326 950 357 1007 in
380 946 475 1005 olivae
498 952 606 1003 trunco
629 939 751 1003 condito
775 962 801 1019 ψ
823 937 887 1003 203
909 936 938 1003 εἴ
965 958 1018 1017 μοι
1041 938 1090 1003 ἔτ’
1118 938 1258 1019 ἔμπεδόν
1282 938 1360 1015 έετι,
1389 938 1494 1022 γύναι,

327 1047 432 1124 λέχος.
479 1043 573 1106 ΜιιΙῑο
596 1046 716 1122 saepius
740 1043 881 1104 translate
899 1043 1011 1103 dicitur
1033 1042 1070 1102 de
1093 1045 1147 1119 iis,
1172 1061 1248 1122 quae
1269 1045 1355 1122 quasi
1377 1045 1409 1103 in
1431 1043 1495 1103 solo

327 1152 384 1209 lixa
408 1149 522 1208 moveri
546 1154 597 1207 aut
629 1146 740 1206 mutari
768 1164 828 1205 non
851 1153 991 1224 possunt:
1030 1152 1062 1204 ut
1090 1146 1284 1222 coniungitur
1312 1163 1381 1206 cum
1409 1143 1496 1221 χρώ(

327 1249 351 1313 Τ
374 1246 431 1319 33,
456 1248 508 1310 ubi
530 1248 635 1308 Thetis
658 1246 765 1308 Achilli
789 1244 963 1325 pollicetur,
988 1246 1118 1308 Patrocli
1141 1265 1251 1325 corpus
1273 1249 1494 1326 incorruptum,

328 1355 495 1429 integrum,
520 1350 671 1411 incolume
694 1366 870 1409 mansurum
892 1367 972 1409 esse:
1004 1345 1063 1410 niel
1084 1347 1166 1429 τῴδ>
1189 1345 1274 1410 ictor
1295 1348 1381 1427 χρὼ(
1403 1344 1496 1424 έμπε-

328 1457 402 1532 δοε,
426 1461 455 1512 et
479 1471 549 1512 cum
572 1451 651 1528 γέρα
675 1450 682 1513 l
706 1447 784 1519 335,
808 1448 861 1509 ubi
885 1448 982 1510 abiis
1012 1468 1087 1530 quae
1116 1458 1283 1528 sequuntur
1311 1452 1423 1528 accipit
1444 1469 1495 1510 ex-

328 1554 541 1634 plicationem:
564 1550 648 1616 etia
670 1550 704 1615 δ’
727 1550 900 1628 ἀριιτήεειι
921 1548 1020 1615 δίδου.
1034 1549 1114 1627 γέρα
1136 1550 1188 1614 καὶ
1203 1552 1394 1629 βοιιλεῦιιν·
1416 1552 1499 1613 τοῑιι

328 1656 385 1732 μἐν
408 1653 530 1732 έμπεδα
545 1655 643 1717 κεῖται
650 1701 660 1733 ,
682 1653 757 1732 ἐμεῦ
780 1652 814 1715 δ’
830 1650 895 1716 ἀπὸ
911 1651 1035 1728 μούνου
1057 1649 1194 1729 Ἀχαιῶν
1214 1649 1332 1716 sibero:
1355 1654 1497 1732 trequen-

328 1764 376 1817 ter
399 1756 436 1817 de
458 1757 590 1818 bominis
620 1755 746 1825 robore,
782 1755 951 1823 voluntate,
986 1757 1087 1815 animo
1115 1755 1201 1815 firmo
1230 1773 1409 1836 semperque
1437 1755 1497 1816 sibi

233 1932 235 1939 γ
329 1862 478 1920 constanti
501 1867 676 1937 usurpatur,
704 1857 798 1917 veluti
820 1860 835 1921 ξ
857 1852 920 1917 468
944 1854 1003 1933 βίη
1025 1852 1061 1917 τέ
1083 1874 1136 1931 μοι
1151 1853 1288 1934 ἔμπεδοι
1311 1853 1377 1937 εἴη,
1400 1853 1498 1919 λ393

326 1957 363 2023 'lc
386 1957 541 2037 έμπεδοε,
569 1955 669 2022 Ε254
684 1956 730 2022 ἔτι
746 1977 799 2036 μοι
821 1955 940 2036 μένοι
967 1954 1107 2034 ἔμπεδόν
1130 1955 1223 2038 itur,
1244 1956 1272 2020 Ζ
1294 1954 1366 2021 352.
1393 1978 1410 2022 c
1434 1953 1499 2020 215

329 2059 475 2139 φρένες
497 2060 640 2140 ἔμπεδοι,
663 2058 688 2122 Λ
711 2056 773 2121 813
796 2057 891 2121 νὸοι
912 2076 950 2133 γε
972 2058 1030 2136 μὲν
1053 2056 1191 2136 ἔμπεδοι
1213 2055 1286 2138 ἦεν,
1311 2057 1333 2120 Κ
1356 2056 1399 2121 94
1420 2056 1498 2122 οὐδέ

329 2181 382 2238 μοι
405 2160 500 2239 ἦτορ
525 2160 681 2241 ἔμπεδον,
704 2160 815 2240 quibus
838 2160 986 2239 exemplis
1008 2163 1154 2222 transitus
1176 2169 1298 2240 paratur
1322 2162 1357 2222 ad
1380 2157 1498 2230 Υ183,

330 2263 383 2324 ubi
411 2263 523 2324 Priami
552 2265 719 2325 constantia
748 2262 902 2323 laudatur:
936 2258 954 2324 δ
988 2260 1022 2325 δ’
1051 2260 1189 2338 ἔμπεδοι
1223 2259 1299 2324 οιίδ>
1326 2260 1501 2341 ἀειίφρων.

331 2368 404 2427 Cum
434 2368 528 2442 igitur
556 2364 670 2425 nullum
698 2367 738 2426 sit
767 2364 937 2444 exemplum
969 2365 1060 2426 buius
1088 2364 1225 2426 vocabuli
1253 2364 1289 2426 dc
1318 2354 1500 2427 animalibus

330 2470 392 2557 sive
415 2468 538 2546 proprie
561 2469 623 2527 sive
639 2466 782 2527 translate
805 2469 957 2545 usurpati,
981 2466 1115 2528 nondum
1130 2466 1269 2546 expedita
1291 2475 1336 2528 est
1351 2468 1498 2546 quaestio,

330 2568 400 2649 quid
436 2572 475 2629 sit
514 2566 635 2647 ἔμπεδα
669 2569 762 2646 μῆλα.
813 2569 936 2630 Veteres
974 2567 1095 2649 quidem
1135 2571 1316 2647 interpretes
1350 2567 1500 2648 explicant

330 2667 440 2747 ἰιχνρὰ
463 2669 514 2732 καὶ
536 2667 700 2747 δυνάμενα
721 2668 860 2732 κατὰτὸ
883 2668 984 2733 πέδον
1004 2664 1143 2733 ἵεταεθαι
1166 2673 1186 2730 i.
1210 2689 1235 2731 e.
1258 2669 1398 2750 pecudes,
1422 2689 1499 2750 quae

332 2775 363 2831 in
386 2771 449 2831 solo
472 2772 599 2831 firmiter·
621 2779 701 2832 stare
724 2779 849 2849 possunt
879 2771 923 2830 vel
953 2790 1028 2851 (luae
1051 2773 1137 2832 lirma
1164 2771 1332 2833 valetudine
1361 2780 1498 2841 utuntur,

331 2872 459 2943 validae,
494 2872 636 2934 robustae
650 2870 707 2951 55);
742 2881 771 2934 et
808 2876 851 2934 sic
884 2871 1081 2933 lloederlinus
1113 2892 1232 2955 quoque
1266 2876 1499 2953 interpretatur:
1578 2913 1585 2925 ·

329 2976 491 3045 ‘bernlest
515 2976 653 3053 gesund’
683 2976 719 3036 tt
741 2994 812 3035 vero
841 2975 915 3036 baec
938 2978 1022 3035 notio
1045 2995 1151 3054 parum
1174 2978 1314 3037 convenit
1335 2975 1383 3037 his
1405 2977 1499 3036 versi·

333 3078 403 3147 bus,
433 3076 543 3156 quibus
571 3075 671 3137 Vlixes
699 3080 781 3155 regis
810 3063 993 3156 opulentiam
1022 3080 1214 3158 ornniumque
1243 3095 1348 3140 rerum
1374 3078 1499 3139 allluen-

332 3184 405 3241 tiam
428 3178 590 3239 describit:
628 3178 728 3239 laudat
755 3187 858 3239 terrae
891 3180 1094 3247 feracitatem,
1123 3198 1183 3240 non
1211 3181 1281 3261 quia
1309 3179 1417 3250 bonas,
1446 3180 1499 3241 sed

331 3283 400 3360 quia
423 3283 519 3341 varias
541 3280 645 3358 fruges
670 3278 804 3357 inopom
827 3279 878 3342 καὶ
900 3278 1016 3359 κριθάς)
1040 3282 1134 3351 ferat;
1158 3280 1259 3343 laudat
1281 3280 1414 3351 arbores,
1438 3281 1500 3343 non

331 3384 400 3462 quia
429 3389 617 3461 praestantes
645 3389 675 3442 et
703 3383 830 3442 eximios
858 3383 978 3442 fructus
1006 3390 1185 3462 procreent,
1221 3383 1274 3444 sed
1302 3386 1372 3463 quia
1401 3382 1499 3462 ampla

331 3485 484 3544 l'ructuum
507 3486 594 3562 copia
617 3489 741 3544 onustae
769 3485 843 3553 sint;
872 3503 966 3564 quare
995 3503 1094 3545 nonne
1122 3485 1279 3564 epitheton
1301 3483 1499 3555 desiderabis,

331 3584 724 3672 m-ultitudinemlqnod
747 3586 913 3663 significet?
954 3585 1017 3647 lloc
1052 3594 1151 3648 autem
1184 3594 1231 3648 est
1265 3587 1336 3648 illud
1368 3584 1499 3656 ἄεπετα,

331 3687 410 3766 quod
433 3686 568 3747 Rhianus
591 3686 691 3747 voluit.

416 3788 526 3848 Verum
550 3788 638 3850 aliam
659 3790 786 3851 sortasse
809 3791 923 3851 dixeris
951 3792 1232 3869 interpretationem
1261 3793 1356 3868 magis
1379 3790 1415 3852 ad
1431 3808 1499 3850 sen·

331 3911 397 3952 sum
420 3891 673 3954 accommodatam
696 3912 771 3952 esse.
803 3892 876 3953 Nam
892 3910 961 3954 cum
977 3889 1116 3970 ἔμπεδα(
1131 3895 1220 3953 eliam
1236 3892 1271 3952 ad
1287 3894 1432 3972 temporis
1447 3910 1499 3952 no-

399 4144 442 4208 55)
461 4140 597 4197 Similiter
614 4141 779 4196 Eustatbius
798 4142 835 4196 ad
852 4142 878 4195 h.
897 4141 915 4195 l.
939 4144 974 4196 τὸ
997 4144 1028 4196 δὲ
1051 4142 1158 4209 ἔμπεδα
1180 4142 1333 4197 διαετέλλει
1356 4144 1411 4209 τὴν
1432 4142 1500 4207 ἀγα-

331 4229 385 4291 θὴν
403 4228 612 4294 sternerentur
630 4228 739 4293 μήλων·
752 4228 825 4295 πρὸ(
843 4227 878 4281 τά
896 4228 1088 4294 ἀμβλούμενα,
1112 4230 1206 4282 ἐκεῖνα
1224 4228 1277 4295 γὰρ
1296 4226 1394 4282 πίπτει
1412 4228 1501 4293 νεκρὰ

333 4311 378 4363 καὶ
396 4311 449 4377 οὐχ
466 4310 513 4365 olo
530 4314 595 4379 περὶ
606 4312 663 4379 γῆν
681 4313 806 4367 πειόντα
824 4313 887 4366 εἶτα
905 4313 1011 4378 ἔμπεδα
1029 4311 1134 4367 (πάντα
1151 4314 1331 4379 δποικιρτᾶν.
