3312 5226
863 417 1015 516 Α.

439 612 539 673 Schol.
562 616 608 693 τῷ
631 609 693 675 ἔνι·
715 612 758 691 τι]
781 606 845 690 ἔνι,
867 606 950 686 πρὸ(
964 608 1023 685 τὴν
1046 605 1169 686 αἴγλην.
1206 611 1280 671 PH.
1304 611 1435 674 Dubium
1458 631 1521 674 esse

355 736 414 778 non
436 722 551 797 potest,
576 715 648 791 quin
672 710 744 773 illud
767 716 829 793 τῷ,
857 709 936 790 quod
964 718 1015 771 aut
1037 711 1073 771 ad
1097 707 1309 787 Οὔλυμπόνδ’
1338 713 1375 789 (v.
1397 711 1452 793 42)
1474 734 1519 775 rc-

281 802 286 813 ’
355 820 444 898 spicit
472 823 525 877 aut
552 814 650 876 neutri
683 814 804 892 generis
837 819 882 872 est
910 818 940 872 et
969 812 1042 872 haec
1076 816 1191 883 omnia,
1226 831 1303 893 quae
1338 818 1370 876 in
1399 816 1520 897 Olympo

354 919 507 1001 praeclara
530 924 613 986 sunt,
638 914 859 994 complectitur,
889 913 1005 975 libiano
1028 921 1096 994 apto
1119 914 1272 977 intellectu
1302 935 1404 978 carere
1429 921 1520 979 visum

355 1025 410 1083 sit:
446 1021 564 1101 Olympi
585 1019 666 1078 euim
690 1019 889 1091 mentionem,
926 1033 1001 1096 quae
1030 1023 1171 1097 quattuor
1193 1017 1333 1080 versibus
1355 1027 1423 1080 ante
1446 1021 1521 1080 iacta

355 1130 415 1194 est,
438 1125 530 1183 nimis
551 1127 695 1182 remotam
711 1118 848 1199 putabat,
872 1136 962 1198 quam
984 1136 1060 1198 quae
1083 1118 1216 1196 intellegi
1232 1127 1341 1199 posset.
1364 1121 1521 1182 Praeterea

356 1242 531 1305 superorum
555 1222 678 1283 deorum
708 1222 784 1280 vitae
813 1220 917 1281 beatae
946 1227 976 1280 ct
1003 1221 1120 1281 divinae
1152 1223 1299 1282 maiestati
1327 1226 1424 1301 magis
1452 1242 1521 1286 con·

356 1330 458 1388 venire
485 1326 581 1387 videri
610 1329 741 1405 poterat,
771 1340 839 1382 cum
868 1324 987 1402 inipso
1016 1340 1123 1383 sereno
1151 1329 1181 1382 et
1208 1323 1336 1384 candido
1364 1324 1521 1405 splendore

357 1432 447 1491 vitam
471 1428 581 1506 degere
604 1427 786 1488 dicerentur.
817 1424 917 1504 ltaque
940 1425 1116 1486 femininum
1138 1442 1234 1503 genus
1256 1444 1292 1485 eo
1316 1426 1414 1488 minus
1435 1427 1522 1489 dubi·

356 1530 438 1592 tabat
460 1549 516 1610 pro
539 1529 656 1607 vulgata
678 1530 826 1608 scriptura
849 1525 1048 1596 substituere,
1078 1545 1137 1606 quo
1161 1529 1255 1605 magis
1276 1528 1336 1588 sibi
1359 1529 1460 1589 lavere
1483 1531 1523 1588 vi-

357 1631 447 1694 debat
470 1639 584 1693 vetusta
606 1630 752 1691 elementa
775 1625 857 1708 Tot,
885 1646 961 1708 quae
990 1630 1015 1689 si
1044 1647 1103 1689 nun
1126 1630 1198 1689 satis
1219 1631 1378 1710 perspicue
1406 1637 1523 1692 exarata

356 1742 406 1796 aut
428 1736 507 1795 laesa
530 1739 630 1803 erant,
654 1731 792 1792 facillime
815 1748 871 1811 pro
893 1728 949 1792 ΤΕΙ
975 1730 1034 1808 legi
1056 1737 1203 1811 poterant.

327 1825 346 1891 l
442 1835 696 1896 Massiliensis
725 1832 863 1893 editionis
890 1834 1097 1892 auctoritatem
1125 1839 1247 1893 secutus
1268 1840 1313 1893 est
1339 1832 1364 1896 A
1386 1830 1443 1903 97,
1475 1836 1524 1896 ubi

356 1937 491 2000 scholion
520 1943 565 1997 est
592 1936 665 1996 hoc:
695 1933 822 2012 λοιμοῖο
853 1931 979 2012 βαρεῖαε
1007 1936 1116 2012 χεῖρα(
1143 1931 1266 2013 ἀφέξει·
1300 1933 1525 2001 Δαναοῖειν

356 2037 489 2103 ἀεικέα
511 2036 652 2112 λοιγὸν
675 2033 835 2098 ἀπώεει.
861 2032 964 2098 οὕτω(
992 2033 1025 2097 αἱ
1052 2034 1265 2114 Ἀριετάρχοο.
1293 2036 1386 2114 καὶὴ
1410 2036 1525 2102 Μαεει-

357 2140 484 2216 λιωτικὴ
508 2139 544 2203 δέ
567 2136 617 2201 καῖ
638 2136 657 2214 ἡ
680 2135 810 2199 Ῥιανοῦ
837 2135 895 2200 τὸν
919 2133 1018 2200 αὐτὸν
1041 2134 1105 2214 ἔχει
1133 2136 1265 2216 τρόπον.
1294 2136 1400 2202 ἔοικεν
1423 2136 1525 2216 οὖνὴ

356 2240 450 2319 ἑτέρα
464 2238 653 2318 Ζηνοδόπου
669 2236 768 2314 εἶναι,
791 2236 810 2314 ἡ
827 2235 920 2301 «οὐδ’
942 2235 1013 2313 ὅγε
1035 2237 1111 2321 πρὶν
1129 2238 1257 2318 λοιμοῖο
1274 2238 1402 2318 βαρεῖαι
1417 2243 1526 2319 χεῖρα(

357 2342 492 2423 ἀφέξει».
515 2346 549 2403 Α.
579 2342 642 2402 Ηοο
663 2339 730 2403 loeo
753 2340 875 2403 Calchas
904 2347 986 2401 vates
1006 2340 1120 2403 Achille
1142 2349 1264 2403 auctore
1287 2342 1428 2422 Apollinis
1449 2346 1526 2404 iram

356 2453 466 2508 motam
489 2463 555 2507 csse
577 2444 651 2506 dicit
672 2445 902 2523 Agamemnonis
925 2443 1103 2522 pertinacia,
1127 2463 1185 2523 qua
1207 2443 1338 2525 Chrysae
1362 2445 1527 2507 sacerdotis

358 2548 448 2609 liliam
472 2547 595 2609 liberari
618 2546 725 2614 nollet:
748 2545 856 2606 deinde
878 2545 992 2624 pergit:

483 2646 614 2711 τοῦνεκ’
637 2645 693 2724 ἀρ’
715 2644 809 2720 ἄλγε’
832 2642 953 2709 ἔδωκεν
976 2643 1130 2725 ἑκηβόλα(
1151 2643 1208 2722 ἠδ’
1230 2645 1277 2711 ἔτι
1300 2646 1407 2712 adeer-

400 2747 440 2811 97
484 2749 561 2812 οὐδ’
585 2746 663 2823 ὅγε
686 2748 761 2827 πρὶν
783 2748 910 2826 λοιμοῖο
934 2744 1060 2825 βαρείαε
1082 2750 1191 2826 χεῖρα(
1214 2747 1340 2828 ἀφέξει,

484 2850 560 2930 πρίν
581 2850 616 2927 γ’
639 2850 704 2914 ἀπὸ
728 2849 823 2927 πατρὶ
845 2848 932 2930 φίλῳ
955 2847 1089 2928 δόμεναι
1111 2848 1283 2914 ἑλικώπιδα
1305 2852 1426 2931 κούρην
1442 2862 1499 2917 cet.

356 2956 407 3015 Sic
434 2954 586 3033 plurimis,
616 2953 725 3034 quibus
753 2952 824 3013 olirn
853 2951 1025 3021 utebamur,
1061 2952 1240 3014 editionibus
1267 2954 1416 3032 vulgatum
1446 2964 1527 3024 crat;

357 3057 425 3117 aliis
447 3055 615 3117 editoribus
638 3054 804 3116 Marklandi
835 3056 910 3115 ratio
942 3055 1036 3132 magis
1063 3055 1199 3136 placuit„
1219 3057 1270 3135 qui
1292 3056 1416 3136 insuper
1438 3060 1529 3119 ctiam

358 3158 533 3219 conicieudo
551 3156 654 3235 Κῆρα(
677 3175 732 3237 pro
755 3157 866 3234 χεῖρα(
888 3146 1182 3234 maioremgratiam
1204 3158 1326 3219 lectioni
1342 3159 1528 3222 Zenodoteae

358 3260 518 3321 conciliare
558 3260 724 3321 studuerat.
781 3257 951 3319 Zenodotus
991 3260 1106 3330 a'utem,
1144 3267 1177 3319 ut
1216 3260 1384 3321 liuentzero
1417 3262 1527 3323 Zenod.

357 3383 387 3443 p.
413 3358 473 3423 143
504 3362 637 3431 videtur,
667 3367 697 3421 et
725 3363 756 3421 in
780 3360 998 3438 significatione
1026 3359 1111 3421 verbi
1134 3357 1295 3437 ἀπωθεῖν,
1324 3381 1400 3442 quae
1430 3372 1527 3425 tamen

359 3465 430 3526 satis
445 3465 578 3524 munitur
594 3460 771 3525 versibus&
787 3459 829 3524 96
844 3459 1016 3540 ἀπώεομεν
1032 3460 1146 3541 ἄγριον
1162 3461 1265 3542 ἄνδρα
1281 3463 1348 3527 etO
1363 3460 1425 3527 503
1441 3462 1529 3528 ἀπώ-
1647 3448 1648 3529 ζ

359 3566 467 3627 cethei
501 3561 581 3626 κακά
609 3566 716 3642 νηῶν,
751 3572 782 3626 ct
809 3567 840 3625 iu
863 3563 1070 3645 κακοφωνὶᾳ,
1103 3583 1179 3643 quac
1213 3567 1348 3628 versibus
1370 3562 1412 3628 96
1434 3576 1464 3627 et
1487 3564 1527 3627 97

358 3665 498 3726 similiter
522 3662 624 3753 (ουἰεει
638 3700 682 3711 -
697 3664 827 3747 ἀπώεει)
857 3665 1037 3727 exeuntibus
1064 3668 1249 3739 efficeretur,
1279 3668 1376 3729 haesit
1398 3668 1528 3749 ideoque

358 3769 438 3829 hune
467 3785 585 3828 versum
613 3769 761 3849 peculiari
789 3775 896 3830 conatu
926 3768 1002 3829 male
1030 3770 1200 3831 emendavit
1229 3790 1265 3831 ex
1294 3766 1407 3832 o548
1430 3767 1528 3835 θανά-

357 3887 430 3933 τοιο
458 3866 585 3947 erperae
611 3872 719 3949 χεῖρα(
747 3868 899 3946 ἀλάλκοι,
927 3871 1005 3932 unde
1036 3870 1159 3932 verbum
1188 3870 1341 3935 ἀλαλκεῖν
1369 3871 1527 3932 desumere
1569 3902 1574 3913 -

359 3992 418 4034 nou
442 3978 575 4053 poterat,
607 3974 756 4053 quiahoc
784 3973 850 4033 luco
877 3974 980 4033 lutino
1008 3981 1143 4053 tempore
1170 3992 1246 4054 opus
1275 3981 1350 4035 erat.
1394 3973 1529 4035 Rhianus

358 4081 458 4135 autem
481 4074 624 4135 Zenodoti
647 4076 821 4136 auctoritate
851 4092 909 4135 uon
938 4076 1101 4154 impeditus
1124 4082 1184 4146 cst,
1214 4079 1286 4156 quin
1314 4078 1473 4154 genuinam
1498 4081 1529 4135 et

357 4183 502 4238 vetustam
527 4177 723 4239 Massiliensis
745 4177 889 4238 editionis
903 4175 1061 4238 lectionem
1078 4179 1108 4237 iu
1125 4195 1211 4238 suum
1227 4178 1324 4238 locum
1340 4179 1527 4246 restitueret,

359 4296 435 4358 quae
458 4297 559 4358 neque
574 4297 629 4358 per
651 4298 681 4339 se
704 4280 861 4359 quicquam
885 4278 976 4339 habet
992 4297 1049 4357 quo
1067 4281 1132 4339 iure
1149 4280 1317 4349 offendaris,
1342 4286 1371 4339 et
1386 4297 1473 4340 versu
1490 4279 1529 4338 si-

357 4379 481 4438 millimo
505 4377 530 4441 A
551 4375 614 4441 456
636 4378 696 4458 ἤδη
719 4382 779 4445 νῦν
804 4379 984 4444 Δοναοῖειν
1014 4377 1121 4444 ἀεικέα
1149 4380 1263 4456 λοιγὸν
1292 4378 1417 4460 ἄμυνον
1446 4379 1527 4440 haud
