3312 5226
825 414 977 510 .-.9.4-

401 603 482 667 Haee
505 605 569 663 lere
592 611 677 672 sunt,
712 621 788 682 qnae
819 602 855 661 de
890 610 995 662 natura
1029 607 1058 660 et
1082 603 1199 661 ratione
1223 603 1297 661 artis
1320 604 1483 663 criticaea

315 706 431 767 Rhiano
453 706 607 766 factitasse
631 706 773 782 cognosci
795 722 883 783 posse
907 703 1047 764 arbitrer.
1079 701 1159 772 Quae
1183 705 1209 763 si
1233 704 1483 774 consideraveris,

251 836 255 847 ¹
316 809 486 868 confirmari
509 806 626 867 videbis
649 814 679 865 el
703 806 881 883 explicatius
902 804 1026 884 probari
1049 823 1118 864 curn
1147 804 1283 873 landem,
1313 825 1371 885 qua
1393 805 1485 866 Wol-

316 911 395 969 lins
416 908 566 969 Rhianum
589 904 767 983 ornavil⁶⁰)‚
790 916 855 966 turn
877 906 923 966 La
938 906 1074 967 Rocbii
1096 906 1187 966 verba
1211 905 1229 965 l.
1253 905 1273 967 l.
1298 926 1327 986 p.
1343 903 1395 977 44,
1419 910 1486 986 qui-

317 1009 373 1071 bus
397 1016 522 1089 excepto
544 1007 719 1070 Aristarcho
746 1009 1015 1088 praestantissimis
1043 1026 1112 1067 enm
1140 1009 1256 1068 criticis
1286 1009 1485 1069 adnumeran-

317 1111 387 1172 dum
409 1130 474 1172 esse
497 1111 691 1189 praedicavit.

317 1283 520 1292 -----

317 1395 486 1450 eenlioribns
504 1394 659 1449 editoribus
681 1394 762 1447 Imm.
785 1393 963 1449 Bekkerns
986 1393 1015 1446 in
1031 1394 1140 1448 terium
1166 1394 1273 1462 recepil
1294 1399 1318 1448 4.
1337 1399 1361 1448 7.
1387 1400 1426 1452 10.
1446 1401 1487 1449 11.

319 1487 359 1534 13.
377 1487 418 1534 20.
437 1485 478 1532 24.
496 1486 537 1533 25.
556 1486 602 1546 39,
627 1496 717 1548 paene
744 1495 839 1555 omnes
866 1478 988 1532 editores
1014 1480 1180 1546 receperunt
1208 1484 1230 1532 7.
1255 1485 1295 1532 11.
1320 1485 1360 1532 ⁶20.
1384 1485 1425 1535 25.
1445 1485 1487 1545 39,

317 1564 532 1618 Dnenizerus
550 1566 579 1619 el
596 1563 640 1618 Le
657 1564 807 1617 Roohius
824 1562 1017 1632 probaverunt
1034 1562 1120 1615 eliam
1139 1568 1180 1616 13.

386 1650 429 1716 60)
449 1647 503 1702 Ofr.
523 1648 630 1718 proleg.
642 1667 670 1718 p.
685 1654 734 1703 188
752 1651 809 1701 not.
822 1653 866 1701 57:
893 1646 960 1700 ‘duo
978 1646 1023 1699 vel
1041 1647 1097 1700 iria
1109 1663 1143 1700 ex
1160 1646 1204 1699 his
1221 1645 1419 1716 speciminibus
1436 1647 1486 1701 ha-

318 1733 388 1787 bent
423 1732 499 1799 quod
531 1732 614 1787 valde
651 1731 814 1801 displiceat3
849 1733 943 1786 celera
971 1730 1129 1785 modestum
1158 1731 1211 1785 viri
1245 1730 1391 1799 ingenium
1424 1748 1488 1800 pro-

319 1819 408 1885 dunb,
425 1834 477 1871 nec
494 1817 612 1870 Wolfius
629 1820 725 1870 tamen
741 1817 805 1886 plus
822 1833 907 1885 quem
920 1815 1017 1869 decem
1034 1815 1170 1870 lectiones
1187 1814 1283 1868 Iliadis
1300 1818 1424 1870 noveral.
1443 1816 1487 1870 Ad
1505 1865 1509 1881 „

318 1904 389 1956 haec
401 1902 488 1956 verba
506 1901 643 1954 Saralius
660 1918 687 1969 p.
702 1906 736 1955 65
753 1900 848 1954 Wolfii
865 1899 997 1954 iudicium
1015 1899 1138 1968 quodam
1149 1901 1233 1956 modo
1247 1901 1419 1955 correcturus
1437 1900 1487 1955 ad-

320 1987 402 2041 diditz
427 1986 544 2040 ‘seilicet
565 1986 619 2038 hoc
641 1986 780 2039 soleamus
802 2001 915 2038 necesse
938 1987 982 2038 est
1001 1986 1149 2052 (quantum
1171 1985 1284 2054 quidem
1307 2002 1341 2039 ex
1358 1985 1427 2039 locis
1445 2003 1486 2038 su·

319 2089 372 2139 pra
390 2071 482 2125 allatis
501 2070 632 2138 colligere
651 2076 822 2138 possumus),
848 2069 933 2122 fuisse
956 2070 1014 2123 eius
1037 2071 1127 2124 arbem
1151 2069 1277 2124 criticam
1303 2068 1403 2123 nimis
1430 2087 1489 2124 an-

320 2156 409 2209 xiam
425 2155 604 2223 rationesque
622 2154 651 2206 in
670 2153 853 2208 diiudicandis
872 2156 901 2208 ct
919 2154 1055 2222 eligendis
1073 2154 1216 2224 scripturis
1239 2154 1378 2223 saepius
1395 2154 1489 2208 haud

321 2239 542 2293 sufficientes
561 2239 710 2308 speciem
728 2239 840 2307 magis
859 2255 958 2307 quam
976 2239 1163 2292 veritatem
1180 2255 1248 2308 prae
1267 2255 1296 2292 se
1313 2239 1408 2292 ferre’
1431 2239 1489 2299 ‚Hie

319 2340 411 2377 nonne
430 2341 486 2378 una
502 2324 653 2378 verborum
671 2323 917 2395 comprehensione
937 2323 1005 2377 dnos
1023 2340 1067 2377 res
1078 2321 1227 2392 'eloquitur
1249 2323 1303 2376 sibi
1320 2322 1405 2391 plane
1424 2340 1488 2377 con-

319 2408 438 2462 lraries?
468 2409 608 2478 Numqui
629 2409 738 2462 inerte
762 2408 859 2463 critica
877 2408 970 2461 ‘nimis
988 2407 1095 2461 auxius’
1120 2409 1174 2472 est,
1195 2408 1219 2460 is
1242 2424 1327 2475 quam
1347 2408 1490 2461 rarissime

250 2492 252 2496 ’
319 2493 455 2547 traditam
473 2493 599 2547 codicum
616 2493 781 2547 memoriam
799 2495 910 2546 mutare
930 2492 1058 2559 audebit,
1077 2491 1246 2562 gravissimis
1259 2491 1349 2546 causis
1367 2508 1489 2546 commo·

320 2579 376 2643 lus,
395 2580 498 2631 atrion
516 2577 550 2631 iis
568 2594 640 2647 quae
667 2578 754 2632 ‘haud
772 2577 913 2631 sufficiant
930 2576 1107 2646 speciemque
1132 2577 1221 2646 magis
1239 2595 1323 2646 quem
1341 2577 1490 2631 veritatem

320 2679 388 2731 prae
406 2678 435 2715 se
452 2663 566 2716 fereul.’
