3312 5226
621 405 774 501 ja-

110 592 285 673 plernmque
313 595 344 654 in
368 595 473 671 plurali
505 613 629 653 numero
652 596 724 670 poni
753 592 907 655 docemur.
953 594 1056 674 Neque
1085 596 1180 655 solum
1202 596 1281 656 hunc

109 710 238 763 versum,
265 696 323 755 sed
347 705 462 756 ceteros
485 713 603 774 quoque
625 694 723 764 locos,
747 697 798 774 qui
814 694 938 755 eandem
955 695 1114 756 verborum
1137 699 1280 758 coniunc-

109 797 214 854 tionem
245 797 414 875 praebent,
442 797 591 857 Rhianum
628 796 716 855 simili
752 798 867 856 ratione
902 800 1129 859 commutavisse
1156 816 1279 859 neccsse

108 906 196 965 esset,
229 897 327 958 veluti
349 898 382 961 Π
405 896 466 958 128
488 896 539 959 καὶ
567 894 674 959 οὐκέτι
696 897 802 974 φυκτὰ
829 896 1017 973 πέλωνται,
1036 902 1052 962 ξ
1072 896 1137 961 489
1158 901 1218 962 νῦν
1246 899 1279 963 δ’

107 992 206 1058 οὐκέτι
231 998 344 1075 φυκτὰ
365 997 535 1073 πέλονται,
564 995 668 1060 otae
692 996 760 1061 ἐπεὶ
791 997 903 1061 οὐκέτ’
932 997 1057 1095 ἀνεκτὰ.
1071 997 1226 1064 πέλονται
1249 1010 1279 1062 31

107 1098 188 1167 31133,
213 1119 297 1178 qnos
318 1100 420 1161 videre
442 1101 515 1161 licet
537 1101 614 1178 apud
630 1099 816 1178 Kruegerum
839 1121 886 1179 gr.
909 1089 997 1178 grsll
1021 1099 1110 1180 344,
1126 1100 1156 1170 3,
1173 1099 1279 1164 8-10

106 1199 168 1258 coll.
193 1199 256 1279 1ss
280 1198 334 1271 43,
358 1199 388 1271 4,
414 1200 463 1263 13.
509 1203 568 1280 Sed
591 1204 719 1288 fortasse
750 1202 884 1264 Rhianus
907 1201 1085 1281 opinabatur
1113 1202 1276 1264 Homerum

107 1302 288 1378 singularem
325 1322 481 1364 numerum
516 1301 575 1364 non
609 1304 779 1374 admisisse,
813 1307 871 1365 nisi
906 1304 957 1364 nbi
985 1312 1083 1364 metro
1110 1304 1276 1366 cedendum

107 1411 192 1472 esset,
217 1404 281 1464 hoc
306 1412 404 1465 autern
427 1405 492 1467 loco
516 1408 647 1485 optativo
669 1409 767 1483 posito
790 1408 944 1467 metricam
968 1406 1044 1466 hanc
1066 1410 1276 1468 necessitatem

107 1506 258 1566 commode
284 1524 373 1584 posse
396 1510 511 1569 evitari.
557 1507 594 1567 dt
616 1508 695 1567 idem
719 1508 838 1567 caderet
861 1510 892 1568 in
914 1506 947 1569 Π
964 1502 1038 1576 128,
1063 1507 1113 1567 uhi
1136 1522 1191 1586 per
1213 1528 1274 1568 mc-

107 1611 179 1664 trum
203 1607 280 1667 licet
301 1607 437 1684 πέληται
460 1608 610 1677 333·11ι3τ3;
641 1609 749 1669 deinde
776 1627 848 1668 vcro
876 1608 1070 1668 indicativum
1099 1609 1188 1669 hnins
1216 1609 1274 1670 loci

107 1707 273 1777 condicioni
298 1710 391 1770 mullo
414 1713 561 1789 aptiorem
585 1729 759 1791 essequam
783 1714 962 1789 optativum,
985 1729 1046 1790 quo
1068 1729 1101 1770 33
1125 1711 1214 1771 verba
1238 1730 1273 1771 ex

106 1804 201 1868 Martis
217 1812 407 1891 Venerisque
430 1815 576 1872 sententia
599 1814 675 1873 dicta
693 1831 757 1873 3333
774 1813 995 1890 significentur,
1019 1814 1086 1891 quis
1101 1829 1159 1872 non
1176 1812 1274 1871 videti

107 1905 180 1976 Quae
204 1931 275 1972 cum
301 1915 342 1974 ita
367 1916 440 1982 sint,
469 1914 650 1990 persuadere
679 1914 751 1973 mihi
780 1932 841 1973 non
868 1931 1006 1991 possum,
1036 1913 1096 1973 illis
1125 1912 1273 1973 Rhianum

107 2010 204 2087 inpelli
234 2017 375 2093 potuisse
398 2016 510 2084 causis,
539 2034 573 2075 ac
597 2023 728 2076 statuere
751 2015 842 2085 malo,
872 2033 971 2075 veram
1001 2017 1067 2076 eius
1094 2018 1273 2094 scripturam

107 2111 316 2187 ignorantibus
337 2115 500 2193 praecisam
531 2116 627 2177 nobisv
646 2136 711 2178 esse
741 2117 777 2177 dc
806 2117 862 2177 hoc
884 2135 972 2177 versu
1001 2117 1153 2177 iudicandi
1181 2117 1272 2177 lacul-

107 2219 202 2276 tatem.

184 2339 194 2380 ι
217 2318 295 2381 491.
340 2321 439 2380 Vlixes
461 2329 493 2381 ut
515 2322 642 2399 primum
667 2320 872 2381 crudelitatem
896 2320 1032 2400 Cyclopis
1049 2321 1173 2398 elingit,
1196 2318 1322 2384 tem-38

107 2432 206 2492 perere
242 2421 302 2483 sihi
331 2442 390 2483 non
422 2431 535 2500 potest,
569 2425 641 2503 quin
670 2440 737 2482 eum
767 2422 907 2481 conviciis
930 2422 1120 2500 adloquatur;
1149 2422 1198 2480 illc
1227 2422 1270 2480 ira

107 2532 270 2584 commotus
292 2525 420 2585 immane
444 2543 546 2585 saxum
569 2526 600 2584 in
628 2542 710 2584 mare
733 2524 837 2605 deicit,
867 2530 899 2582 ut
922 2525 1005 2583 navis
1026 2522 1062 2582 ad
1085 2520 1154 2584 litus
1177 2540 1270 2602 usque

107 2625 285 2699 repellatur;
318 2627 575 2687 vehementissimo
604 2627 730 2703 remigio
758 2624 921 2685 cavendum
950 2632 1009 2694 est,
1039 2642 1075 2685 nc
1103 2626 1211 2684 iterum
1240 2625 1270 2683 in

107 2731 282 2797 potestatem
305 2730 430 2789 monstri
451 2729 594 2789 horrendi
623 2728 789 2788 deveniant.
836 2725 895 2787 Sed
923 2725 976 2787 ubi
1003 2726 1093 2804 duplo
1114 2727 1270 2787 intervallo

108 2823 140 2882 th
161 2847 196 2889 eo
220 2831 325 2900 distat,
349 2831 447 2891 Vlixes
469 2831 567 2891 denuo
589 2831 706 2890 hostem
728 2828 899 2909 compellat:

228 2929 308 2994 ἀλλ’
331 2927 385 2994 ὅτε
408 2931 447 3008 δὴ
470 2932 518 2995 bic
538 2931 652 2995 rdcccv
675 2928 738 2993 ἅλα
759 2927 1006 3006 πρήεεοντεε
1028 2927 1169 3006 ἀπῆμεν,

228 3032 281 3097 καὶ
302 3030 374 3096 τότ’
396 3032 460 3109 ἐγὼ
485 3032 643 3097 Κύκλωπα
657 3031 862 3109 προεηύδων.

108 3127 199 3195 Schol.
224 3134 494 3213 πρήτιαντετ·
516 3133 643 3208 Ῥιανὸς
665 3133 919 3210 πλήττοντετ.
943 3133 1023 3195 ΜΗ.
1054 3134 1115 3195 Vna
1138 3133 1268 3195 litterula

108 3234 174 3295 scite
197 3245 312 3299 mutata
334 3238 467 3299 Rhianus
488 3238 646 3299 lectionem
673 3237 841 3316 procreavit
867 3236 944 3297 hand
968 3236 1215 3296 contemnendam
1239 3245 1269 3297 31
1290 3266 1293 3269 ·

106 3351 188 3410 qnam
211 3341 374 3420 quominus
396 3342 427 3400 in
449 3347 561 3400 textum
578 3341 761 3419 reciperent,
786 3340 937 3399 novissimi
952 3338 1082 3399 editores
1096 3340 1268 3416 gravissima

106 3432 274 3502 Buttmanni
296 3450 326 3502 et
341 3442 510 3503 boedcrlini
533 3445 710 3503 auctoritate
734 3442 876 3521 prohibiti
899 3460 964 3503 esse
981 3441 1127 3501 videntur.
1166 3441 1267 3502 Butt-

106 3551 259 3603 mannus
280 3544 374 3614 enirn,
403 3563 493 3623 quem
516 3545 604 3604 etiam
621 3541 790 3605 Nitzschius
806 3544 840 3604 ad
864 3544 892 3604 h.
916 3544 935 3603 1.
953 3552 983 3603 31
1005 3543 1041 3603 ad
1066 3538 1161 3620 3429
1184 3561 1269 3605 secu·
1307 3563 1311 3570 ·

106 3643 149 3699 tus
168 3654 225 3714 est,
247 3645 366 3723 lexilogi
387 3645 443 3706 vol.
460 3645 525 3724 llp.
544 3642 604 3706 197
620 3663 799 3725 quamquam
814 3644 960 3705 Rhianum
983 3646 1147 3722 speciosam
1164 3665 1266 3707 emen·

106 3738 251 3806 dationem
274 3748 464 3826 proposuisse
487 3749 658 3817 confitetur,
690 3754 880 3807 tamencum
907 3747 1054 3825 primitiva
1078 3756 1109 3806 et
1130 3750 1266 3809 vetustis-

107 3841 173 3905 sima
197 3849 225 3907 vi
246 3849 330 3909 verbi
352 3848 502 3925 πρήετειν
524 3867 629 3927 parum
644 3856 800 3927 perspecta
827 3849 1001 3909 mutavisset
1028 3867 1103 3934 quac
1126 3850 1266 3909 mutanda

106 3958 160 4006 non
189 3958 304 4020 essent,
333 3970 399 4011 eam
428 3968 675 4030 supervacaneam
698 3969 762 4010 esse
791 3950 953 4011 contendit.
984 3951 1079 4029 Atque
1101 3950 1179 4010 banc
1201 3953 1265 4030 qui·

106 4042 168 4109 dem
189 4053 368 4130 primitivam
393 4060 423 4112 et
445 4053 602 4131 genuinam
626 4051 708 4112 verbi
732 4050 880 4128 πρήεεειν
895 4058 1086 4130 potestatem,
1111 4051 1263 4128 epicorum

107 4150 214 4211 tanturn
247 4162 402 4230 poctarum
431 4156 461 4214 in
491 4154 688 4214 monumentis
719 4155 883 4223 inventam,
917 4172 983 4214 eam
1014 4171 1080 4213 esse
1113 4153 1199 4222 dixit,
1234 4162 1266 4215 ut

35 4282 36 4287 ¹
106 4249 247 4328 πρήττειν
270 4255 356 4331 plane
378 4256 455 4316 idern
480 4263 559 4316 esset
582 4274 615 4316 ac
637 4253 803 4330 περαίνειν
827 4256 856 4315 h.
881 4275 907 4314 c.
934 4257 1084 4327 conficere
1111 4255 1172 4314 sive
1192 4273 1263 4332 per·

104 4350 196 4419 ficere.
233 4356 357 4417 Munivit
384 4357 460 4417 hano
488 4357 731 4435 significationem
765 4356 908 4435 exemplis
936 4355 1000 4416 his:
1037 4354 1063 4419 Λ
1089 4354 1153 4419 552
1179 4355 1198 4420 ὁ
1228 4359 1264 4425 δέ
