3312 5226
932 389 976 454 46

373 584 534 663 quicquam
564 598 684 659 eorum,
714 598 790 660 quae
818 580 951 665 tacturus
979 587 1073 648 esset,
1103 596 1170 641 cum
1200 580 1264 658 ipsa
1294 579 1538 647 communicaret.

374 683 427 744 Cui
450 682 575 762 Iupiter:
610 682 671 743 noli
699 700 837 759 sperare,
866 689 895 742 te
923 681 1021 742 ornnia
1049 681 1170 741 consilia
1198 698 1264 740 mea
1293 680 1434 740 scituram
1457 697 1538 748 esse;
1638 752 1639 761 ἵ

373 802 448 863 quae
471 784 574 845 audire
604 792 634 844 te
663 784 765 854 decet,
794 802 829 844 ea
857 802 946 844 nemo
969 791 1019 844 aut
1046 784 1168 844 deorum
1197 787 1247 842 aut
1273 781 1427 841 hominum
1454 783 1541 860 prius

371 902 460 964 quam
483 891 517 945 tu
539 889 713 964 eogndsoet;
737 892 864 964 atquae
889 902 946 963 ego
961 884 1033 944 deos
1048 885 1141 945 celata
1164 883 1244 952 volo,
1274 881 1316 960 μή
1330 901 1361 944 τι
1383 880 1421 944 εὐ
1440 883 1541 945 ταῦτα

371 983 486 1048 ἕκαετα
507 984 625 1064 διείρεο
646 986 725 1067 μηδὲ
741 985 882 1066 μετάλλα
904 983 942 1066 (ν.
956 982 1042 1067 550).
1077 986 1138 1046 lam
1162 1005 1233 1047 vero
1254 985 1305 1066 qui
1326 983 1539 1055 observaverit,
1639 1048 1640 1067 3

371 1090 396 1148 si
419 1089 471 1167 qui
491 1090 569 1166 apud
593 1092 722 1168 tragicos
743 1097 847 1167 poetas
869 1088 1049 1150 altercantes
1071 1088 1266 1158 inducantur,
1290 1105 1342 1148 eos
1364 1104 1422 1165 quo
1445 1089 1540 1166 magis
1639 1082 1640 1089 '

372 1192 412 1251 sit
443 1191 576 1252 aculeata
605 1192 713 1261 oratio,
747 1192 853 1252 eadem
888 1190 1005 1251 dicendi
1038 1192 1148 1261 lorma,
1183 1209 1241 1270 qua
1278 1189 1353 1250 alter
1382 1208 1454 1250 usus
1490 1192 1539 1259 sit,

372 1288 609 1372 respondere³³),
639 1292 794 1371 intelleget
820 1292 965 1354 lunonem
994 1291 1248 1371 indignabundam
1276 1291 1334 1352 alio
1362 1292 1451 1352 modo
1480 1310 1540 1351 nnn
1639 1304 1640 1313 ¹

371 1410 458 1473 posse
481 1395 680 1473 respondere,
711 1412 798 1475 quam
822 1400 854 1455 ut
876 1395 952 1455 lovis
974 1394 1065 1455 verba
1094 1412 1161 1454 cum
1189 1393 1352 1455 acerbitate
1376 1395 1540 1454 accuratis-

371 1496 446 1556 sime
470 1498 597 1574 repetita
626 1497 657 1556 in
685 1514 752 1558 eum
781 1502 963 1576 retorqueat.
1009 1495 1093 1556 Dicat
1115 1497 1205 1574 igitur
1226 1503 1362 1573 oportet:
1396 1493 1446 1557 καὶ
1469 1491 1541 1572 λίην

371 1615 403 1660 ιε
426 1596 531 1674 πάροτ
553 1596 589 1672 γ>
611 1595 681 1659 οὐκ
703 1594 828 1674 εἴρομαι
850 1595 946 1660 οὐδὲ
968 1598 1124 1676 μεταλλῶ.

322 1695 364 1761 12
456 1696 555 1762 Τ41.
601 1699 704 1759 Thetis
725 1707 880 1778 postquam
907 1699 969 1759 lilio
992 1717 1073 1758 arma
1096 1718 1112 1758 a
1134 1698 1264 1759 Vulcano
1295 1700 1371 1760 lacta
1399 1698 1483 1759 dedit
1514 1705 1542 1757 et
1640 1750 1641 1753 ,

371 1803 512 1879 promisit
534 1820 566 1861 se
589 1801 778 1869 ellecturam,
809 1809 841 1860 ut
863 1820 900 1861 ne
923 1800 1053 1862 Patrocli
1075 1818 1185 1876 corpus
1207 1808 1376 1878 putrescat,
1400 1799 1541 1860 adhorta·

316 1908 320 1917 “
370 1910 419 1962 tur
442 1901 602 1971 Achillem,
626 1910 659 1962 ut
681 1901 859 1963 Achivorum
890 1903 1026 1962 contione
1050 1909 1208 1962 convocata
1238 1901 1310 1962 iram
1335 1920 1366 1962 se
1390 1903 1540 1980 deponere

371 2003 516 2064 fateatur:
539 2000 623 2066 ἀλλὰ
646 2000 682 2065 εύ
698 2000 734 2077 γ)
756 2001 800 2066 εἰ(
822 2001 945 2081 ἀγορὴν
968 2002 1102 2066 καλὲιαι
1123 2001 1231 2080 ἥρωα(
1254 2001 1417 2084 Ἀχαιούι,
1445 2005 1540 2081 μῆνιν

370 2101 539 2167 ἀποειπὼν
562 2102 772 2187 Ἀγαμέμνονι
859 2103 892 2168 ἐι
914 2103 1057 2182 πόλεμον
1081 2102 1252 2181 θωρήιεεο.
1287 2105 1417 2165 Achilles
1440 2107 1541 2165 statim

372 2209 461 2267 matri
483 2205 675 2285 obsequitur:
720 2284 722 2287 Ι

316 2334 327 2342 -
414 2304 458 2368 40
500 2305 602 2385 αὐτὰρ
625 2305 643 2369 ὁ
667 2310 704 2387 βῆ
728 2305 816 2385 παρὰ
838 2308 912 2370 θῖνα
933 2306 1088 2384 θαλάεεη(
1110 2309 1180 2371 binc
1202 2306 1365 2385 Ἀχιλλεύι

500 2408 677 2486 ιμεροαλέα
699 2406 813 2487 ἰάχων,
837 2407 938 2486 ὧριεν
961 2408 994 2472 δ’
1016 2407 1146 2486 ἥρωα(
1168 2406 1324 2486 Ἀχαιούι.

372 2510 471 2572 Schol.
515 2508 660 2587 ἥρωας·
682 2510 763 2588 παρ’
785 2508 1004 2599 Ἀριττοφάνει
1020 2510 1070 2574 καὶ
1084 2508 1200 2593 Ῥιανῷ
1217 2508 1387 2588 ἐρίηραι.
1402 2512 1434 2572 Α.
1456 2510 1541 2575 τινε(

369 2611 448 2675 τοὺ(
471 2614 607 2691 βαειλεῖε
629 2613 698 2676 νῦν.
722 2613 756 2673 V.
786 2612 843 2683 Qui
866 2614 1009 2691 deinceps
1031 2620 1197 2693 sequuntur
1220 2631 1322 2674 versus
1344 2630 1404 2673 non
1426 2616 1540 2691 prinei·

370 2732 425 2793 pes
448 2715 552 2784 modo,
576 2715 627 2775 sed
651 2720 775 2775 cunctos
796 2715 923 2775 Achivos
945 2715 1163 2793 intellegendos
1186 2732 1250 2775 esse
1274 2708 1442 2786 declarant,
1473 2735 1540 2777 narn

371 2816 461 2876 etiarn
489 2816 677 2893 κυβερνῆται
704 2823 733 2877 et
760 2815 866 2893 ταμίαι
898 2819 927 2878 in
959 2818 1128 2877 contionem
1156 2824 1238 2877 eunt.
1282 2820 1305 2876 Α
1333 2816 1445 2896 quibus
1473 2836 1539 2878 cum

371 2917 498 2978 alienam
527 2936 593 2979 esse
620 2925 740 2996 putaret
766 2917 960 2979 honorificam
988 2916 1106 2995 ἡρώων
1135 2917 1376 2996 appellationem,
1405 2918 1540 2979 llbiauus

369 3018 450 3079 hunc
465 3019 563 3080 locum
579 3021 713 3090 mutavit,
732 3027 763 3080 ut
784 3021 921 3081 videatur
935 3019 1005 3079 lstri
1021 3019 1209 3081 Callimacbei
1225 3020 1396 3100 opinionem
1420 3027 1539 3081 secutus

370 3139 445 3191 esse,
462 3139 551 3200 quem
566 3129 668 3201 postca
681 3123 872 3182 Aristarchus
886 3121 1052 3183 rectissime
1068 3123 1210 3182 refutavit
1224 3121 1361 3183 versibus
1375 3122 1423 3182 his
1436 3119 1538 3183 3110.
1642 3124 1643 3135 ¹

371 3221 403 3285 Μ
428 3219 499 3284 165.
530 3221 555 3285 Ν
579 3218 652 3283 629.
682 3220 708 3284 Ο
735 3218 813 3293 230,
843 3226 874 3284 in
903 3222 1014 3302 quibus
1041 3221 1180 3284 omnibus
1208 3224 1263 3284 boc
1293 3223 1450 3303 epitheton
1478 3240 1539 3282 non

370 3330 484 3385 tantum
507 3323 713 3402 principibus,
743 3324 793 3385 sed
818 3324 955 3386 omuibus
982 3320 1101 3385 Achivis
1124 3325 1283 3385 tribuitur:
1318 3326 1373 3385 elr.
1396 3325 1540 3385 Lehrsius

371 3426 460 3487 brist.
483 3443 514 3503 p.
539 3422 609 3485 101.
641 3425 704 3486 Ηοο
726 3434 825 3486 autem
848 3428 873 3487 si
895 3428 936 3486 ita
960 3434 1020 3495 est,
1043 3426 1177 3488 Rhiauus
1199 3434 1249 3487 aut
1271 3426 1327 3487 hos
1349 3445 1453 3487 versus
1475 3444 1539 3486 cm·

370 3545 438 3595 nes,
461 3545 537 3606 quos
558 3544 619 3587 non
641 3534 758 3605 poterat
781 3545 842 3589 non
863 3528 959 3606 probe
982 3529 1115 3597 novisse,
1139 3530 1323 3608 maximeque
1345 3528 1437 3588 verba
1459 3528 1538 3588 The-

371 3628 441 3688 tidis
463 3646 552 3706 supra
576 3628 662 3690 allata
687 3627 723 3708 (v.
747 3626 798 3708 34)
822 3630 914 3690 simili
937 3631 1025 3690 modo
1048 3631 1208 3691 mutavisse
1230 3630 1398 3691 censendus
1420 3639 1464 3690 est
1486 3637 1540 3689 aut

370 3730 501 3807 intellegi
524 3732 645 3799 omniuo
669 3732 785 3814 nequit,
809 3750 863 3791 cur
886 3731 980 3791 solum
1004 3732 1084 3792 huno
1106 3750 1225 3793 versum
1248 3733 1462 3799 attrectaverit,
1487 3749 1538 3790 ce-

370 3839 451 3892 teros
474 3851 533 3892 nou
557 3834 639 3893 item.
684 3833 742 3893 Sed
768 3840 835 3894 utut
857 3833 931 3893 baec
955 3851 986 3893 se
1009 3832 1121 3899 habent
1149 3841 1180 3894 et
1206 3852 1384 3913 quamquam
1414 3832 1539 3894 mutatio

370 3937 436 3995 eius
451 3934 641 4027 ⁴explodenda
666 3942 726 4005 est,
749 3936 780 3995 id
804 3942 903 3995 tamen
926 3934 1075 3996 nemiuem
1104 3936 1212 4013 lugiet,
1242 3937 1272 3995 in
1301 3954 1336 3995 eo
1364 3935 1443 4014 quod
1465 3932 1538 3993 sub-

368 4106 572 4116 ——--—--

437 4208 482 4269 33)
500 4202 573 4257 Vide
591 4203 662 4258 (iod.
681 4201 909 4256 Hermannum
927 4202 964 4256 ad
981 4201 1075 4272 Eurip.
1094 4202 1223 4257 Ateste.
1242 4200 1330 4256 Huius
1348 4200 1390 4256 rei
1408 4199 1541 4270 exempla

369 4288 437 4342 sotis
465 4288 565 4342 erebra
589 4289 667 4356 suut,
694 4290 726 4341 ut
749 4286 833 4358 Soph.
851 4287 885 4342 0.
908 4287 941 4342 R.
964 4293 1014 4342 547
1032 4288 1061 4341 el
1078 4292 1137 4341 548.
1160 4288 1226 4341 Ant.
1243 4291 1293 4341 442
1317 4287 1346 4340 et
1363 4291 1421 4341 443.
1439 4290 1488 4340 522
1509 4287 1540 4338 et

369 4379 419 4428 523
437 4373 472 4429 al.
