3312 5226
890 421 1040 522 —r-c-

382 614 433 693 (sc.
456 611 550 690 δέων)
574 609 689 689 κρείων
712 608 864 687 ἐρατίζων
887 608 981 688 ἰθύει,
1005 607 1082 673 ἀλλ’
1111 609 1150 675 οὔ
1178 630 1209 675 τι
1231 609 1360 687 πρήεεει
1389 618 1419 670 ει
1442 606 1463 671 C
1485 607 1546 671 357

380 711 519 790 ἔπρηξα(
540 712 593 775 καὶ
613 711 740 792 ἔπειτα,
763 713 884 790 βοῶπιτ
905 709 1023 775 πότνια
1044 711 1144 791 Ἥρη,
1166 713 1275 794 quibus
1296 713 1421 789 insuper
1436 711 1548 771 addere

380 823 497 893 poterat
518 814 544 876 Α
564 810 628 875 562
649 813 764 890 πρῆξαι
786 811 820 874 δ’
848 810 950 890 ἔμπητ
973 809 1013 875 οὔ
1035 832 1064 875 τι
1086 813 1253 891 δυνήεεαι,
1282 810 1309 874 Ω
1331 809 1396 874 550
1423 809 1463 874 οὐ
1485 810 1548 889 γάρ

381 935 410 980 τι
431 916 575 996 πρήξειτ,
600 913 633 995 [β
646 910 717 975 .191
740 915 856 991 πρῆξαι
878 912 911 975 δ’
937 911 1038 991 ἔμπητ
1061 911 1100 977 οὔ
1123 933 1152 978 τι
1171 912 1370 995 δυνήεεται],
1392 911 1471 987 γ60
1491 911 1550 977 δόε

381 1016 415 1080 δ’
438 1016 483 1081 ἔτι
506 1013 695 1115 Τηλέμαχον
717 1014 768 1079 καὶ
789 1013 845 1093 ἐμὲ
866 1013 1030 1090 πρήξαντα
1051 1014 1175 1079 νέεεθαι
1197 1018 1216 1077 i.
1234 1035 1260 1077 e.
1285 1035 1317 1076 re
1341 1016 1475 1076 confecta
1501 1033 1548 1075 re·

381 1120 462 1189 dire,
487 1137 509 1179 π
524 1114 566 1179 88
587 1118 703 1194 πρῆξαι
726 1115 759 1179 δ’
782 1113 944 1192 ἀργαλέον
966 1134 996 1177 τι
1018 1117 1096 1193 μετὰ
1116 1115 1302 1181 πλεόνεεειν
1326 1114 1423 1181 ἐόντα
1446 1112 1550 1193 ἄνδρα

380 1218 431 1283 καὶ
451 1217 595 1299 ἴφθιμον,
617 1238 635 1281 τ
656 1215 720 1279 324
743 1216 820 1280 οὐδέ
842 1237 871 1278 τι
894 1215 992 1293 ἔργον
1015 1216 1127 1282 ἐνθήδ>
1149 1216 1195 1282 ἔτι
1217 1219 1370 1298 πρήξει,ξ
1395 1214 1454 1278 197
1478 1215 1550 1280 οὔτι

381 1319 582 1398 διαπρήξαιμι
603 1317 708 1395 λέγων
731 1317 791 1396 ἐμὰ
813 1318 910 1394 κήδεα
932 1320 1035 1395 θυμοῦ
1058 1321 1076 1379 i.
1102 1340 1127 1380 e.
1158 1325 1226 1383 ‘noo
1256 1320 1292 1381 ad
1321 1320 1411 1380 finem
1439 1320 1549 1396 perdu-

381 1442 445 1484 cam
469 1421 612 1483 malorum
637 1438 770 1482 meorum
795 1422 1019 1481 narrationem!
1066 1421 1107 1481 lie
1136 1422 1191 1482 hae
1222 1423 1312 1499 igitur
1335 1423 1549 1499 significatione

380 1524 608 1603 haudquaquam
646 1530 744 1601 potest
780 1521 920 1582 dubitari.
970 1522 1065 1582 Porro
1104 1523 1327 1583 concedendum
1359 1530 1419 1593 est,
1456 1523 1549 1583 verbo

281 1667 283 1669 >
380 1623 530 1702 πρήετειν
552 1627 583 1685 in
606 1625 683 1685 hanc
706 1625 884 1683 sententiam
900 1633 1024 1700 accepto
1047 1625 1201 1685 commode
1218 1626 1361 1702 explicari
1384 1643 1443 1685 non
1459 1624 1548 1684 modo

381 1746 434 1787 eos
463 1742 540 1806 quos
571 1726 768 1787 Buttmannus
791 1725 888 1785 attulit
910 1742 1014 1785 versus
1037 1722 1065 1785 Ξ
1087 1721 1150 1787 282
1173 1722 1275 1805 ῥίμφα
1296 1726 1478 1813 πρήεεοντε
1498 1724 1548 1788 κέ-

381 1827 500 1890 λευθον
524 1835 554 1888 et
576 1829 594 1904 β
615 1823 679 1888 213
701 1824 734 1888 οἵ
756 1824 791 1888 κέ
813 1844 867 1903 μοι
889 1823 967 1888 ἔνθα
989 1825 1041 1889 καὶ
1063 1824 1142 1889 ἔνθα
1156 1826 1369 1903 διαπρήεειοει
1383 1825 1548 1907 κέλευθον,

382 1932 599 2017 verumetiam
624 1931 641 2006 β
662 1924 725 1988 429
746 1926 766 2004 ἡ
790 1926 823 1990 δ’
853 1926 925 2001 (scil.
949 1929 1036 2007 νηῦε)
1065 1925 1155 1991 ἔθεεν
1183 1926 1263 1990 κατὰ
1290 1931 1371 2004 κῦμα
1398 1927 1549 2005 διαπρήε-

382 2049 479 2093 coum
499 2028 670 2109 κέλευθον,
693 2029 795 2109 hymn.
819 2029 909 2089 Mero.
932 2025 996 2089 200
1024 2026 1054 2092 εἶ
1075 2048 1139 2092 που
1162 2027 1299 2092 ὄπωπα(
1321 2026 1422 2106 ἀνέρα
1442 2028 1549 2091 ταῖτδ’
1629 2046 1630 2071 ³

383 2129 435 2193 ἐπὶ
458 2129 547 2208 Booti
568 2128 802 2206 διαπρήετοντα
817 2128 986 2209 κέλευθον,
1008 2129 1038 2191 Ψ
1052 2128 1113 2192 501
1138 2126 1238 2207 ὑψός’
1260 2128 1425 2208 ἀειρέεθην
1447 2128 1549 2210 ῥίμφα
1629 2122 1630 2125 '

382 2230 556 2308 πρήεεοντε
584 2230 754 2312 κέλευθον,
782 2228 867 2293 ν83
894 2227 995 2308 ὁψόε’
1031 2229 1213 2309 ἀειρόμενοι
1249 2229 1349 2311 ῥίμφα
1376 2232 1549 2309 πρήτεουει
1629 2258 1630 2287 ι

382 2331 554 2409 κέλευθον,
575 2332 678 2413 hymn.
701 2334 796 2415 Apoll.
819 2329 881 2393 421
910 2330 930 2407 ἡ
959 2331 995 2395 δὲ
1027 2318 1099 2407 (scii.
1122 2334 1209 2411 νηῖιε)
1238 2332 1418 2410 πρήεεουεα
1440 2331 1549 2396 κέλευ-

382 2439 457 2518 θον,
480 2436 580 2515 hymn.
606 2435 677 2494 Ven.
693 2431 733 2495 67
757 2437 843 2497 θοῶε
865 2433 1046 2512 πρήειουεα
1067 2433 1238 2509 κέλευθον,
1263 2434 1363 2514 hymn.
1378 2435 1468 2497 Mero.
1485 2432 1549 2497 203

380 2536 500 2600 πολλοὶ
520 2536 581 2613 γὰρ
604 2534 685 2598 ὁδὸν
707 2535 898 2611 πρήεεουειν
921 2533 1040 2616 ὁδῖται,
1064 2533 1090 2599 Ω
1111 2532 1177 2598 264
1198 2544 1227 2597 et
1250 2554 1269 2598 ο
1290 2532 1355 2597 219
1374 2534 1429 2601 ἵνα
1450 2535 1548 2613 πρήτ-

382 2657 485 2716 εωμεν
508 2636 620 2718 ὁδοῖο,
642 2655 662 2712 γ
684 2634 746 2698 476
767 2635 822 2699 ἵνα
844 2636 1014 2718 πρήτεῃειν
1042 2635 1156 2715 ὁδοῖο,
1185 2634 1267 2700 047
1291 2635 1382 2717 ὄφρα
1402 2637 1547 2715 πρήεεω-

381 2759 438 2816 μεν
461 2737 570 2816 ὁδοῖο,
594 2758 683 2819 quem
705 2741 873 2817 genetivum
897 2746 1021 2817 proptor
1043 2739 1120 2803 hanc
1142 2741 1239 2817 ipsam
1255 2739 1339 2800 verbi
1355 2741 1412 2805 vim
1435 2758 1469 2801 ao
1493 2758 1545 2818 po·

381 2850 519 2903 testatem
541 2859 596 2918 pro
617 2842 756 2918 partitiva
779 2840 946 2903 habendum
970 2859 1036 2902 esse
1058 2848 1156 2901 statuo
1179 2858 1246 2902 cum
1263 2841 1440 2902 Doederlino
1455 2841 1547 2919 gloss
1587 2916 1589 2921 Α

380 2944 407 3004 li
429 2962 458 3021 ρ.
483 2940 543 3005 133
566 2952 596 3003 et
618 2942 850 3020 Naegelsbaohio
873 2944 974 3003 adnot.
998 2943 1034 3003 ad
1057 2942 1179 3005 iliadem
1207 2941 1227 3003 Γ
1251 2940 1291 3004 15
1313 2943 1352 3019 (p.
1375 2939 1466 3022 340),
1498 2942 1547 3003 ubi
1628 2954 1629 3027 j

382 3046 604 3107 Autenriethius
632 3044 718 3105 simui
742 3044 880 3111 indicavit
910 3063 961 3104 eos
983 3044 1120 3104 homines
1142 3043 1260 3112 doctos,
1288 3046 1339 3124 qui
1366 3045 1453 3123 aliter
1480 3064 1546 3105 sen·
1628 3030 1629 3089 Ῐ

382 3150 468 3207 tiunt.
491 3146 572 3207 Haeo
594 3147 784 3224 autemqnid
809 3146 906 3206 valent
934 3146 970 3207 ad
999 3146 1180 3233 locutionem
1209 3142 1272 3208 ἅλα
1299 3143 1465 3223 opticeat?
1502 3146 1547 3209 itti
1628 3132 1629 3205 ζ

382 3249 463 3309 enim
484 3266 589 3309 versus
610 3247 722 3308 diversi
743 3255 813 3309 suut
835 3258 865 3308 et
880 3246 975 3324 probe
998 3247 1173 3325 seiungendi
1197 3246 1303 3315 abeo,
1328 3247 1364 3307 de
1387 3267 1446 3328 quo
1469 3267 1547 3311 nuno

382 3352 509 3428 agimus.
553 3349 612 3412 tttts
634 3350 755 3429 quitiam
776 3351 807 3408 in
830 3347 967 3410 versibus
996 3368 1013 3408 a
1036 3348 1128 3409 verbo
1155 3347 1305 3425 πρήτεειν
1335 3350 1467 3427 pendent
1493 3370 1546 3415 no·

382 3453 460 3513 mina
482 3450 633 3514 κέλευθοε
655 3457 684 3511 et
707 3448 801 3529 ὁδόε,
823 3468 898 3530 quae
913 3468 974 3511 non
995 3458 1110 3511 tantum
1132 3451 1204 3520 iter,
1228 3451 1280 3511 sed
1296 3452 1384 3512 etiam
1399 3455 1545 3515 actionem

339 3574 344 3584 ’
383 3556 443 3615 sive
477 3552 566 3614 eundi
594 3554 655 3613 sive
684 3552 841 3630 navigandi
872 3553 1017 3622 indicant,
1052 3570 1108 3614 nec
1141 3551 1292 3613 dissimilis
1324 3562 1370 3612 est
1401 3572 1428 3612 ν.
1453 3550 1546 3615 1326

381 3653 510 3733 ἤματα
543 3652 577 3717 δ’
604 3651 795 3731 αἱματόεντα
823 3651 1011 3731 διέπρηεεον
1044 3652 1242 3732 noieuilmv:
1279 3654 1338 3717 tale
1366 3656 1446 3715 enim
1463 3657 1545 3742 liter,

383 3757 448 3818 talis
471 3757 561 3826 actio,
596 3756 654 3817 tale
675 3758 819 3836 temporis
841 3757 968 3834 spatium
1001 3758 1105 3835 perfici
1138 3757 1198 3815 sive
1232 3755 1267 3819 ad
1301 3757 1389 3816 finem
1421 3755 1546 3834 perduci

381 3866 491 3937 potest,
516 3866 546 3919 at
567 3855 630 3920 ἅλα
651 3857 1002 3935 communicatore
1023 3861 1174 3934 persimre
1206 3858 1274 3938 quis
1302 3869 1348 3918 est
1379 3859 1432 3936 qui
1459 3857 1545 3919 intel·

380 3961 479 4039 legati
502 3945 606 4021 Nonne
628 3959 684 4021 hoc
707 3977 801 4039 aeque
824 3959 985 4020 absurdum
1008 3968 1053 4020 est
1076 3967 1163 4038 atque
1186 3960 1249 4036 ipse
1272 3959 1471 4019 Buttmaunus
1492 3958 1544 4019 ab·
1627 4016 1628 4039 q

380 4064 503 4125 surdum
527 4080 592 4122 esse
615 4061 703 4131 dixit,
727 4063 753 4121 si
775 4063 844 4141 quis
865 4059 952 4121 vellet
974 4062 1183 4139 interpretari:
1207 4059 1308 4140 ‘atque
1329 4063 1389 4121 iam
1412 4059 1459 4121 bis
1480 4068 1545 4121 tan·
1627 4074 1628 4119 ι

380 4174 459 4235 tum,
481 4181 568 4226 mare
585 4162 754 4236 facientes,
778 4162 965 4224 aberamus'?
987 4162 1049 4223 Vna
1072 4163 1222 4223 succurrit
1245 4164 1463 4239 interpretatio,
1486 4180 1544 4240 qua
1627 4160 1628 4217 i

381 4271 406 4329 si
434 4269 504 4347 quis
531 4265 616 4326 verbi
644 4283 731 4326 causa
752 4265 879 4326 Pontum
906 4264 1054 4325 Euxinum
1084 4263 1282 4341 ‘perfecisse’
1313 4262 1447 4333 dicum,
1476 4282 1544 4325 eum
1627 4268 1628 4299 ³

381 4371 437 4431 hoc
459 4370 569 4429 fretum
591 4367 745 4447 reliquisse
769 4376 799 4426 ot
819 4369 851 4427 in
873 4366 1086 4443 Propontidem
1109 4366 1154 4426 vel
1177 4367 1267 4429 otiam
1289 4382 1371 4427 mare
1394 4367 1543 4443 Aegaeum
