3312 5226
151 616 273 698 saepius
296 617 470 677 nescimus)
500 609 574 676 Nam
590 615 668 676 inter
684 617 880 696 quadraginta
896 619 1029 698 quinque
1046 617 1187 679 lectiones
1202 618 1318 689 Rhiani,

151 737 224 799 quas
247 717 360 778 scholia
388 718 556 787 continent,
589 720 713 796 triginta
740 716 830 779 solius
851 717 960 779 Rhiani
989 721 1111 781 nomine
1139 719 1320 799 significatae

152 827 231 881 sunt.
276 818 356 890 Quas
388 826 489 880 utrum
522 839 538 880 e
566 823 738 882 coniectura
765 823 903 901 posuerit
930 839 968 881 an
997 820 1115 883 aliunde
1143 824 1320 901 susceperit,

150 940 206 1001 pro
230 928 313 982 certo
335 923 478 983 affirmari
505 922 678 1001 neutiquam
707 928 820 1001 potest;
855 941 906 982 eas
934 931 1033 984 autem
1060 922 1219 993 lectiones,
1248 942 1322 1004 quas

150 1044 218 1086 oum
257 1025 419 1084 vetustiore
464 1024 562 1104 aliqua
607 1023 739 1085 editione
782 1040 956 1085 communes
997 1023 1135 1086 babuisse
1179 1026 1320 1106 traditur,

150 1145 222 1187 num
244 1144 281 1185 ex
303 1124 358 1186 hac
386 1126 451 1204 ipsa
473 1125 621 1195 hauserit,
653 1125 741 1187 lacile
770 1125 799 1186 in
828 1125 951 1186 dubium
980 1128 1080 1186 vocari
1108 1115 1218 1205 possit,
1247 1146 1321 1208 quo·

152 1230 232 1289 niam
255 1245 310 1288 nec
336 1226 434 1305 planis
462 1226 563 1287 verbis
583 1227 735 1305 proditum
764 1229 803 1288 sit
835 1244 891 1288 uec
919 1246 987 1288 cnm
1015 1229 1242 1307 argumentandi
1269 1246 1321 1289 ne·

152 1333 292 1391 cessitate
314 1331 409 1408 possit
431 1329 538 1389 evinci.
584 1329 688 1390 Nonne
711 1331 791 1390 enim
814 1331 880 1390 sueri
902 1335 1034 1406 poterat,
1058 1337 1091 1391 nt
1113 1329 1189 1390 alius
1210 1332 1321 1390 veteris

51 1496 54 1499 ,
152 1432 333 1510 exemplaris
355 1431 539 1500 auctoritati,
569 1433 656 1492 cuius
678 1430 836 1491 scholiasta
860 1432 962 1491 nescio
986 1431 1103 1509 quade
1126 1448 1214 1492 causa
1237 1449 1320 1492 mon·

150 1537 265 1596 tionem
288 1551 348 1594 non
369 1534 456 1603 lecit,
481 1532 561 1593 illam
585 1533 744 1593 lectionem
768 1531 912 1593 deberet?
949 1532 985 1594 itt
1011 1533 1206 1594 huiusmodi
1231 1534 1321 1595 etiarn

59 1702 67 1706 ὀ
151 1636 207 1698 alia
231 1635 324 1696 multa
348 1636 513 1712 excogitari
536 1642 675 1714 possunt,
704 1653 780 1714 quae
809 1653 876 1696 cum
899 1634 1062 1697 lectionum
1090 1652 1238 1697 consensu
1261 1652 1321 1695 uon

150 1726 296 1818 pugnent.

238 1840 295 1901 Sed
329 1848 363 1899 nt
395 1838 582 1919 aliquatenus
616 1845 731 1899 certum
764 1839 989 1899 fundamentum
1023 1838 1217 1918 disputationi
1250 1837 1321 1899 sub·

66 1990 68 2001 .
151 1950 317 2010 struerem,
341 1941 417 2001 hanc
439 1940 513 2000 mihi
535 1941 639 2022 scripsi
656 1941 762 2018 legem,
786 1949 819 2001 ut
834 1959 909 2020 quae
925 1941 1059 2019 ipsorum
1076 1941 1260 2001 scholiorum
1275 1941 1321 2000 in·

151 2044 240 2105 diciis
262 2044 347 2121 argui
370 2042 544 2102 viderentur
566 2059 664 2122 neque
692 2042 760 2102 aliis
788 2041 956 2102 rationibus
983 2041 1164 2104 dubitationi
1192 2041 1320 2102 obnoxia

151 2154 261 2216 essent,
279 2164 313 2205 ea
330 2147 355 2205 si
367 2163 427 2205 non
437 2143 861 2224 proexploratisbaberem,al
874 2154 955 2205 certe
969 2143 1004 2204 ad
1017 2143 1320 2205 verisimilitudinem

50 2305 54 2309 .
151 2266 239 2329 qoam
256 2238 393 2327 proxime
410 2246 553 2306 accedere
569 2248 783 2306 existimarem.
809 2243 955 2315 Quocirca
972 2245 1143 2325 ubicunque
1160 2244 1321 2306 scholiasta

151 2358 273 2428 praeter
294 2347 442 2408 Rhianum
458 2346 568 2408 nullius
583 2349 770 2424 grammatici
786 2365 895 2407 nomen
917 2347 1039 2407 lectioni
1064 2349 1211 2427 apposuit,
1236 2346 1320 2407 illum

152 2448 347 2510 coniectando
370 2467 436 2508 eam
458 2450 608 2508 invenisse
631 2448 755 2508 meliore
778 2448 842 2507 iure
857 2447 989 2507 iudicare
1005 2447 1079 2508 mihi
1102 2449 1215 2516 videor,
1232 2464 1322 2526 quam

152 2553 178 2612 si
202 2568 238 2609 ex
262 2551 381 2628 antiqua
411 2549 541 2609 editione
570 2566 638 2608 enm
666 2548 802 2631 hausisse
830 2547 971 2609 arbitrari
995 2547 1094 2608 velim.
1139 2547 1194 2608 Vbi
1221 2556 1321 2609 autem

152 2651 288 2712 Rhianus
316 2668 383 2711 cnm
412 2650 488 2710 alius
515 2649 701 2726 grammatici
729 2652 905 2711 recensione
934 2652 1100 2731 conspirat,
1137 2669 1192 2730 pro
1222 2657 1320 2712 aetate

152 2770 316 2834 quasnam
344 2754 472 2833 quisque
499 2752 706 2811 recensionem
733 2751 879 2821 confecit,
910 2760 961 2812 aut
988 2753 1136 2813 Rhianum
1165 2752 1244 2813 illius
1272 2759 1322 2814 aut

152 2856 236 2916 illum
264 2855 373 2916 Rhiani
402 2856 562 2915 lectionem
584 2851 781 2933 approbasse,
810 2852 1004 2932 approbatam
1027 2857 1178 2932 recepisse
1202 2872 1320 2921 censeo,

152 2959 209 3018 nisi
233 2964 349 3018 vetusta
372 2957 564 3026 documenta,
587 2972 664 3035 quae
687 2951 894 3024 dissuadeant,
919 2956 1117 3016 inveniantur.
1162 2955 1206 3015 lta
1229 2954 1320 3015 Rhia-

152 3078 223 3120 num
245 3057 278 3122 Π
299 3055 371 3120 559.
396 3055 422 3119 Ω
445 3054 497 3119 85.
524 3061 541 3122 Ζ
565 3055 606 3119 10
633 3056 707 3118 alios
735 3072 853 3125 versus,
887 3054 940 3115 ubi
968 3056 1063 3116 solum
1093 3058 1189 3136 ipsius
1211 3074 1321 3116 nomen

152 3162 265 3230 fertur,
289 3160 468 3221 coniciendo
491 3160 695 3221 emendavisse
717 3156 876 3239 probabile
899 3163 959 3227 est;
987 3156 1012 3220 Α
1035 3153 1075 3219 97
1099 3159 1261 3220 lectionem
1283 3174 1320 3217 ex

152 3261 346 3331 Massiliensi,
369 3260 398 3324 Φ
419 3258 481 3323 607
505 3280 541 3322 ex
564 3260 757 3323 Antimachea
786 3260 918 3320 editione
941 3261 1110 3339 suscepisse
1138 3259 1214 3320 mihi
1237 3258 1320 3319 vide-

152 3370 217 3433 tur,
240 3370 398 3443 propterea
421 3364 500 3444 quod
523 3363 579 3425 hae
602 3364 750 3424 editiones
773 3369 841 3423 ante
864 3379 932 3423 eum
955 3370 1077 3441 paratae
1093 3362 1202 3439 inspici
1225 3359 1263 3421 ab
1286 3378 1322 3420 eo

152 3471 308 3545 poterant;
325 3463 376 3524 sed
392 3461 478 3526 Τ41.
495 3464 524 3527 Υ
540 3462 601 3526 188
618 3465 684 3526 aliis
700 3467 731 3525 in
747 3463 885 3524 versibus
899 3464 1130 3542 Aristophanem
1145 3463 1321 3543 Byzantium

151 3566 262 3627 Rhiaui
294 3565 532 3626 emendationem
562 3575 696 3627 secutum
726 3584 791 3628 esse
820 3584 944 3634 censeo,
976 3567 1046 3646 quia
1074 3565 1224 3626 Rhianum
1253 3571 1321 3625 ante

153 3668 237 3729 illum
265 3669 297 3728 in
319 3665 440 3726 Homeri
470 3667 656 3727 carminibus
683 3685 804 3747 operam
834 3670 970 3728 criticam
999 3667 1191 3728 collocavisse
1218 3684 1255 3727 ex
1283 3667 1323 3726 iis

152 3776 385 3830 consentaneum
408 3776 468 3837 est,
492 3786 567 3848 quae
591 3768 626 3828 de
650 3770 709 3830 vita
732 3779 761 3830 et
784 3774 880 3830 aetate
903 3770 969 3830 eius
990 3786 1080 3846 supra
1103 3769 1241 3829 disserui.
1251 3764 1288 3844 ²¹)

238 3870 300 3932 Hac
322 3871 415 3948 igitur
436 3868 589 3930 iudicandi
613 3869 678 3946 lege
702 3888 735 3930 ae
750 3887 855 3931 norma
878 3871 1038 3931 constituta
1061 3868 1218 3947 explorare
1240 3867 1320 3937 licet,

152 3992 227 4054 quas
249 3972 397 4033 editiones
420 3970 594 4030 Homeritas
615 3969 722 4030 Rhiani
745 3977 906 4049 apparatus
928 3971 1052 4031 criticus
1074 3972 1267 4031 continuerit.

222 4139 265 4202 21)
283 4135 424 4193 Nauckius
443 4134 569 4205 quidem„
588 4133 637 4190 ubi
654 4134 689 4190 de
701 4133 867 4189 lectionibus
880 4135 990 4190 Rhiano
1008 4137 1038 4189 et
1048 4133 1229 4206 Aristophani
1247 4149 1320 4188 com-

152 4223 283 4279 munibus
302 4221 440 4292 disputat,
457 4220 568 4277 videtur
586 4218 759 4285 existimare,
778 4221 856 4290 post
873 4207 1069 4288 Aristophanis
1089 4235 1169 4272 curas
1181 4216 1321 4272 Rhianum

152 4307 269 4363 Homeri
286 4307 477 4362 recensionem
489 4305 652 4374 instituisse,
673 4303 774 4374 quippe
787 4320 871 4372 quem
884 4302 1070 4373 suffragatum
1083 4319 1143 4358 esse
1162 4301 1237 4358 dieat
1248 4302 1320 4358 illius

154 4390 403 4450 emendationibus,
