3312 5226
824 380 975 478 mit„

318 583 379 633 tum
395 558 470 635 tirtel
484 570 549 635 τιν>
570 568 722 650 ἀτίμητον
744 571 940 650 μετανάςτην
955 575 1114 653 pertineat.
1146 571 1204 655 Sed
1227 572 1328 649 priore
1352 569 1428 639 loco,
1452 570 1484 629 in

317 692 466 755 quocum
490 674 611 735 Achillis
632 691 761 753 persona
790 693 849 735 non
873 675 1046 753 designetur
1068 673 1259 754 pronomine,
1287 670 1484 749 μετανὰςτην

318 775 483 838 necessario
515 775 551 835 ad
585 775 719 836 Briseida
755 774 831 855 (τήν)
866 777 983 838 videtur
1018 775 1210 835 referendum
1245 793 1326 843 esse,
1367 780 1487 833 veteres

317 879 504 956 grammatici
532 880 612 939 varia
640 884 843 947 tentaverunt,
879 879 907 939 id
939 878 1018 957 quod
1047 877 1145 937 elucet
1173 895 1208 936 ex
1239 877 1374 944 scholiis,
1408 894 1485 955 quae

317 981 366 1041 hic
388 979 487 1040 omnia
509 978 652 1041 subiciam
675 996 798 1041 necesse
822 988 884 1040 est:

402 1079 668 1157 μετανάςτην·
707 1078 744 1145 ἐν
776 1084 814 1162 τῇ
850 1080 1139 1161 Μαςςιλιαιτικῇ
1173 1078 1223 1142 καὶ
1255 1085 1293 1161 τῇ
1326 1076 1498 1142 Ῥιανοῦ·

318 1185 597 1263 μεταναςτεῑν,
625 1182 676 1246 καὶ
703 1180 854 1267 ἀκούονςι
880 1183 938 1260 τὴν
968 1181 1123 1261 Βριςηῒδα.
1152 1179 1289 1244 ἐδόκουν
1319 1179 1354 1244 δὲ
1377 1178 1487 1258 ἀτιμό-

317 1304 405 1363 τεροι
428 1281 511 1348 εἶναι
533 1282 564 1348 οἱ
585 1283 725 1361 μέτοικοι
748 1282 793 1346 ὡς
816 1284 868 1347 διὰ
889 1284 1065 1362 μοχθηρίαν
1092 1281 1223 1360 τρόπων
1246 1282 1304 1345 τὰς
1326 1279 1410 1346 ἰδίας
1430 1301 1487 1344 κα-

317 1385 520 1451 ταλιπόντες.
544 1385 639 1449 «κατὰ
661 1385 755 1452 ξένον
778 1385 948 1464 μετοίκου»
972 1383 990 1448 δ
1013 1383 1158 1460 κωμικός.
1187 1385 1219 1443 V.

403 1487 502 1564 ὁμὲν
529 1486 784 1566 Ἀρίςταρχος
811 1486 929 1567 γράφει
962 1485 1222 1566 μεταναςτήν,
1250 1485 1302 1548 καὶ
1323 1484 1406 1563 πρὸς
1428 1486 1487 1562 τὴν

320 1589 467 1668 Βριςηῖδα
489 1587 613 1654 ἀκούει·
636 1587 655 1652 ὁ
678 1590 714 1653 δὲ
736 1587 978 1667 Ἡρωδιανὸς
1001 1587 1172 1666 αἰτιατικὴν
1189 1586 1262 1651 ἀντὶ
1276 1589 1402 1663 γενικῆς
1424 1607 1488 1664 φη-

320 1693 383 1770 ςίν,
405 1690 454 1756 ἵν’
475 1692 510 1774 ᾖ,
532 1688 577 1754 ῶς
600 1689 634 1753 ἐκ
656 1690 765 1768 χειρὸς
786 1689 945 1776 ἀτιμήτου,
961 1689 1159 1769 μετανάςτου
1183 1686 1344 1768 ἀφείλετο.
1368 1689 1440 1752 BL.

403 1792 423 1871 ἡ
446 1794 558 1872 διπλῆ,
583 1790 632 1855 ὅτι
661 1790 734 1856 ἀντὶ
754 1796 813 1856 τοῦ
841 1790 994 1872 ἀτιμήτου
1021 1790 1232 1869 μετανάςτου,
1263 1790 1308 1854 ὡς
1335 1788 1372 1854 τὸ
1403 1788 1490 1852 «ἐπεί

321 1894 357 1974 μ’
379 1892 537 1974 ἀφέλεςθέ
559 1913 596 1968 γε
620 1892 748 1957 δόντες»
774 1894 807 1973 (Α
829 1892 902 1973 299)
927 1894 999 1958 ἀντὶ
1020 1896 1079 1957 τοῦ
1095 1892 1184 1970 ἐμοῦ.
1209 1896 1242 1954 A.

406 1994 490 2065 Quod
512 1996 648 2056 Rhianus
671 1996 885 2057 Massiliensem
909 2004 1030 2058 secutus
1041 1997 1178 2076 posuisse
1192 1997 1330 2066 traditur,
1353 2012 1490 2073 μετανα-

320 2100 425 2162 ςτεῑν
449 2116 508 2158 non
531 2105 717 2177 potestesse
742 2117 799 2158 non
817 2100 1020 2178 depravatum.
1052 2098 1113 2158 lam
1131 2098 1367 2158 emendationem
1384 2115 1489 2176 quam-

319 2202 364 2260 vis
387 2201 485 2261 causis
508 2218 567 2259 non
591 2199 698 2259 additis
721 2202 877 2280 proposuit
898 2199 1114 2262 Loheckius
1135 2199 1226 2279 paral.
1252 2219 1280 2279 p.
1297 2196 1361 2259 433
1383 2218 1413 2258 ιι.
1429 2194 1489 2259 52:

321 2303 558 2382 «μεταναςτεῑν,
587 2290 667 2377 quod
690 2303 881 2362 Aristarchus
904 2302 931 2381 (i)
962 2322 998 2362 ex
1026 2302 1099 2363 Chia
1129 2300 1156 2380 (l)
1189 2303 1340 2380 recepisse
1368 2300 1489 2369 dicitur,

320 2403 394 2464 nihii
416 2403 496 2464 aliud
519 2422 584 2464 esse
613 2410 710 2482 potest
738 2423 825 2484 quam
848 2402 1064 2485 perornan»,
1086 2422 1161 2483 quae
1190 2403 1360 2463 emendatio
1384 2420 1489 2482 quam-

319 2523 408 2585 quam
430 2507 462 2565 in
485 2504 578 2566 lexica
602 2506 770 2586 multosque
794 2505 887 2566 lihros
909 2506 982 2567 alios
1005 2507 1139 2576 transiit,
1164 2506 1237 2565 mihi
1258 2524 1317 2566 non
1333 2504 1489 2584 probatur,

320 2608 372 2667 sed
396 2607 482 2667 aliam
505 2612 576 2686 puto
600 2610 631 2668 in
654 2616 795 2687 promptu
818 2627 883 2668 esse
907 2607 1079 2677 medellam,
1109 2626 1184 2687 qliae
1208 2608 1335 2668 diversis
1363 2605 1489 2666 scholia·

321 2718 433 2768 starum
457 2708 675 2770 adnotamentis
697 2713 865 2769 accuratius
881 2710 1069 2789 perlustratis
1084 2710 1163 2770 haud
1186 2712 1250 2770 sine
1273 2707 1490 2788 probabilitate

321 2818 423 2871 nostro
445 2809 511 2869 loco
533 2813 628 2889 possit
650 2810 798 2872 adhiberi.
1175 2809 1179 2816 ’

420 2912 461 2971 Ac
498 2912 611 2972 scholio
639 2913 662 2973 A
700 2914 819 2992 quidem
849 2913 1060 2982 Aristarchus,
1098 2932 1187 2992 quem
1225 2913 1305 2991 loqui
1342 2909 1361 2988 ἡ
1393 2911 1489 2987 διπλῆ

321 3015 423 3081 docet,
466 3033 524 3094 qua
566 3022 630 3075 erat
665 3016 771 3076 iudicii
808 3017 951 3086 sanitate,
996 2996 1220 3091 μετανάςτην
1264 3015 1300 3073 ad
1344 3011 1489 3074 Achillem

320 3117 416 3176 iertur
439 3116 604 3186 rettulisse,
628 3136 683 3195 pro
706 3119 845 3194 genetivo
869 3116 905 3177 ab
929 3114 964 3177 ἐκ
990 3120 1107 3193 χειρῶν
1130 3134 1274 3196 suspenso
1290 3116 1490 3176 accusativum

320 3219 451 3297 positum
487 3236 551 3277 esse
574 3225 658 3277 ratus
686 3218 722 3278 ad
746 3217 976 3278 similitudinem
999 3217 1189 3297 pervulgatae
1212 3224 1380 3279 structurae
1404 3216 1489 3277 verbi

320 3310 522 3396 ἀιραιρεῖςθαι
544 3336 610 3378 cum
635 3319 745 3398 duplici
779 3322 948 3380 accusativo
978 3320 1138 3380 coniuncti,
1182 3320 1265 3380 Vnde
1288 3320 1431 3393 eflicitur,
1456 3327 1491 3378 ut

321 3421 494 3480 tralaticiam
518 3422 682 3482 servaverit
704 3424 885 3501 scripturam
913 3420 1117 3500 μετανάςτην.
1161 3421 1244 3493 Quod
1274 3438 1342 3480 curn
1371 3423 1410 3480 ita
1440 3422 1489 3490 sil,

320 3524 387 3581 lieri
420 3539 481 3581 non
512 3528 611 3600 polest
645 3523 718 3603 quin
747 3524 882 3584 scholion
911 3524 979 3593 BL,
1013 3523 1066 3584 uhi
1100 3524 1229 3594 eundem
1262 3521 1490 3599 μεταναςτήν

321 3624 478 3699 scripsisse
502 3622 651 3684 intellecta
667 3624 804 3686 Briseide
828 3626 972 3703 legimus,
997 3627 1067 3686 vitio
1090 3625 1221 3695 laboret;
1245 3625 1297 3685 sed
1319 3624 1490 3684 remedium

321 3742 466 3803 quaerere
490 3723 613 3787 dillroilo
635 3746 694 3787 non
718 3734 777 3798 est,
806 3729 885 3807 quia,
921 3745 988 3787 cum
1024 3745 1099 3805 quae
1123 3727 1292 3787 Herodiano
1314 3724 1491 3787 tribuuntur

320 3843 443 3905 prorsus
471 3837 636 3904 congruant
664 3848 731 3890 cum
760 3829 873 3889 scholio
902 3830 939 3897 A,
970 3834 1087 3889 nomina
1117 3831 1156 3889 ita
1185 3828 1392 3889 commutanda
1423 3848 1490 3889 esse

320 3935 416 4008 patet,
442 3936 473 3988 ut
495 3947 549 4008 pro
568 3930 741 4003 „Herodiano
764 3931 983 4006 Aristarchum,
1013 3950 1068 4010 pro
1091 3931 1263 3991 Aristarcho
1286 3929 1490 4011 Herodianum

320 4028 556 4113 reponamus.³¹)
588 4032 638 4093 Sic
660 4034 733 4093 haec
756 4033 866 4112 optime
890 4035 969 4092 inter
991 4052 1022 4092 se
1046 4039 1255 4096 consentanea.
1286 4032 1400 4093 Deinde
1417 4052 1491 4093 vero

388 4267 431 4331 31)
450 4265 495 4320 bic
515 4264 602 4334 igilur
619 4266 782 4335 legendum:
810 4268 827 4322 ὁ
854 4269 905 4333 μὲν
934 4269 1144 4335 Ἡρωδιανὸς
1170 4270 1273 4336 γράφει
1299 4269 1490 4336 μεταναςτὴν,

321 4351 366 4402 καὶ
378 4351 450 4417 πρὸς
467 4354 522 4418 τὴν
535 4354 666 4420 Βριςηΐδα
678 4353 784 4407 ἀκούει·
804 4354 820 4406 ὁ
838 4354 869 4407 δὲ
888 4352 1111 4420 Ἀρίςταρχος
1129 4353 1286 4421 αἰτιατικὴν
1300 4354 1363 4409 ἀντὶ
1374 4358 1493 4422 γενικῆς
