3312 5226
886 416 1037 515 „es-

467 609 494 672 1.
528 614 570 673 Ac
596 610 821 671 fundamentum
850 607 972 687 quidem
1000 606 1184 666 recensionis
1211 607 1277 666 eius
1299 604 1545 665 Zenodoteam

380 717 540 777 editionem
563 714 655 773 luisse
678 711 810 791 proclive
834 717 880 771 est
901 710 1063 790 suspicari,
1088 709 1129 767 ita
1152 705 1291 783 quidem,
1314 713 1347 766 ut
1368 705 1406 766 ab
1430 724 1463 765 ea
1486 724 1545 765 non

380 817 549 885 recederet,
579 816 637 875 nisi
665 832 732 874 cum
762 811 918 873 meliorem
940 812 1101 871 lectionem
1124 817 1174 869 aut
1200 810 1231 868 in
1261 810 1423 869 vetustiore
1446 825 1544 867 exem·

380 919 457 999 plari
479 918 630 978 invenisse
654 922 703 976 aut
724 917 788 994 ipse
804 915 988 991 excogitasse
1011 911 1069 972 sibi
1086 909 1247 970 videretur.
1278 909 1397 971 Etenim
1412 910 1544 989 potuisse

378 1021 525 1080 Rhianum
548 1018 624 1078 banc
647 1017 809 1077 editionem
833 1023 900 1075 ante
923 1011 1025 1074 oculos
1045 1012 1157 1074 habere
1178 1029 1289 1090 negare
1311 1013 1379 1090 quis
1407 1009 1545 1071 audebit?

378 1122 520 1182 habuisse
553 1138 623 1180 vero
655 1108 734 1179 illam
767 1124 798 1177 et
829 1118 859 1177 in
892 1134 979 1176 usum
1013 1134 1097 1176 suum
1130 1116 1329 1183 convertisse,
1363 1132 1398 1174 ex
1433 1113 1545 1174 scholio

379 1223 415 1285 ad
437 1222 466 1284 Υ
488 1219 549 1283 331
572 1227 668 1300 patet:
692 1217 754 1281 καί
777 1237 840 1297 μιν
863 1214 1061 1296 burricus·
1083 1213 1171 1292 παρὰ
1192 1213 1370 1298 Ζηνοδότῳ
1392 1213 1455 1278 καί
1482 1234 1544 1292 μιν

379 1322 581 1404 νεικείων,
604 1320 692 1399 παρὰ
714 1319 829 1402 Ῥιανῷ
852 1317 921 1382 τὸν
949 1317 1013 1380 καὶ
1034 1315 1235 1393 νεικείων,
1262 1318 1316 1378 ubi
1339 1337 1376 1378 ex
1398 1316 1545 1379 Zenodoto

378 1425 511 1507 pendere
542 1424 652 1486 Rhiani
687 1420 924 1484 emendationem
962 1422 1113 1480 neminem
1152 1420 1256 1497 lugere
1297 1426 1406 1499 potest.
1450 1419 1544 1498 Atque

379 1531 496 1590 etiamsi
518 1528 573 1593 boc
595 1515 765 1586 testimonio
788 1541 958 1593 careamus,
987 1539 1084 1582 nonne
1107 1540 1162 1600 per
1184 1540 1216 1581 se
1244 1523 1306 1581 veri
1330 1521 1428 1581 simile
1452 1527 1546 1580 estet

379 1633 474 1710 ipsius
496 1630 541 1688 rei
557 1635 679 1687 naturae
696 1633 942 1693 consentaneum,
966 1631 1123 1702 postquam
1138 1622 1306 1684 Zenodotus
1329 1625 1360 1682 in
1377 1622 1545 1682 Homericis

380 1730 560 1792 carminibus
583 1727 777 1789 emendandis
799 1728 916 1805 primus
937 1727 1084 1786 rationem
1112 1724 1260 1804 quandam
1290 1734 1319 1785 et
1342 1732 1436 1785 artem
1460 1725 1544 1784 criti·

379 1852 443 1895 cam
478 1830 677 1899 adhibuisset,
712 1829 936 1906 grammaticos,
960 1829 1011 1906 qui
1040 1836 1107 1905 post
1142 1845 1210 1887 eum
1243 1829 1274 1887 in
1304 1827 1359 1887 hoc
1381 1826 1545 1886 studiorum

379 1952 491 2014 genere
514 1931 718 2000 elaborarent,
747 1930 784 1990 ab
812 1931 850 1990 iis
877 1930 1027 2009 protectos
1057 1946 1136 1997 esse,
1165 1946 1240 2008 quae
1269 1929 1327 1988 iam
1357 1928 1545 1989 aZenodoto

379 2040 499 2097 inventa
522 2041 551 2094 et
572 2035 604 2093 in
627 2031 758 2092 medium
781 2029 896 2111 prolata
925 2037 1039 2099 essent,
1069 2036 1098 2090 ct
1126 2032 1166 2090 ita
1190 2032 1221 2090 in
1251 2038 1332 2090 textu
1360 2028 1546 2091 emendando

380 2157 411 2198 se
434 2138 578 2215 gessisse,
603 2141 634 2192 ut
657 2150 712 2212 pro
733 2132 926 2193 fundamento
942 2149 1062 2192 suarum
1078 2134 1288 2195 recensionem
1311 2131 1391 2192 illius
1413 2131 1545 2191 editione

381 2237 557 2300 uterentur?
580 2234 743 2296 Aristarchi
767 2233 887 2312 quidem
911 2235 1097 2294 recensionis
1120 2233 1243 2293 lundum
1265 2234 1358 2294 luisse
1374 2233 1545 2312 Aristopha-

380 2359 465 2402 ueam
490 2341 514 2399 si
537 2339 636 2398 minus
659 2344 789 2404 eertum,
814 2343 843 2395 at
865 2353 1008 2415 perquam
1031 2334 1186 2414 probabile
1215 2341 1274 2395 est:
1297 2335 1353 2397 clr.
1378 2336 1546 2395 heccardus

380 2442 397 2504 l.
412 2442 432 2502 Ι.
448 2462 478 2523 p.
494 2436 537 2500 49
552 2459 581 2499 n.
601 2434 649 2498 12.
674 2436 891 2515 Sengebuschii
907 2436 990 2496 llom.
1016 2436 1085 2496 diss.
1109 2436 1167 2516 lp.
1183 2432 1234 2497 25.
1266 2435 1324 2496 Sed
1349 2435 1421 2496 haec
1444 2439 1545 2516 quant·

380 2563 468 2624 quam
489 2544 530 2602 ita
558 2559 590 2601 se
612 2539 740 2608 babent,
767 2547 868 2599 tamen
897 2539 972 2597 hanc
994 2539 1174 2599 sententiam
1202 2555 1327 2616 prorsus
1354 2555 1453 2599 veram
1482 2556 1545 2598 esse

380 2643 560 2705 contendere
590 2659 649 2701 non
678 2642 788 2709 ausim,
822 2642 932 2719 quippe
960 2642 1008 2699 cui
1044 2640 1074 2699 id
1103 2641 1291 2718 potissimum
1320 2639 1432 2710 obstet,
1466 2640 1544 2720 quod

380 2744 562 2813 Zenodotus,
586 2743 638 2822 qui
661 2744 734 2803 satis
756 2740 897 2801 audacter
925 2744 986 2819 egit
1007 2744 1038 2802 in
1061 2740 1198 2801 versibus
1221 2741 1413 2810 damnandis,
1437 2743 1545 2804 multos

379 2865 485 2909 versus
506 2849 538 2907 in
561 2845 737 2905 recensione
766 2862 818 2904 sua
842 2845 964 2903 omnino
986 2842 1130 2920 neglexit,
1160 2845 1211 2922 qui
1239 2844 1270 2903 in
1294 2842 1427 2903 Rhianea
1450 2845 1543 2904 luisse

380 2950 503 3030 putandi
537 2953 620 3009 sunt:
654 2948 755 3024 itaque
784 2947 878 3007 tutius
913 2947 970 3006 erit
997 2944 1073 3005 nihil
1101 2945 1227 3024 amplius
1259 2946 1423 3014 affirmare,
1457 2963 1543 3024 quam

380 3052 530 3111 Rhianum
552 3047 633 3110 illius
655 3049 863 3108 recensionem
886 3046 1115 3107 celeberrimam
1137 3048 1314 3125 inspexisse.

465 3148 496 3211 2.
527 3151 657 3211 Alteram
681 3149 857 3216 editionem,
881 3167 937 3227 qua
953 3147 1100 3209 Rhianum
1124 3166 1210 3207 usum
1233 3166 1297 3208 esse
1321 3148 1466 3210 credibile
1489 3156 1542 3217 cst,

381 3275 414 3315 ea
438 3255 511 3322 luit,
535 3269 611 3330 quae
632 3250 830 3310 Pisistrati
853 3251 937 3310 iussu
958 3255 1062 3328 parata
1084 3254 1114 3308 et
1136 3251 1262 3310 vetustis
1284 3249 1395 3310 Ionicis
1418 3250 1543 3311 elemen-

382 3359 421 3417 tis
445 3353 473 3433 (ἡ
497 3349 631 3430 ἀρχαϊκὴ
649 3348 787 3428 capucia)
811 3352 922 3429 scripta
946 3358 1019 3411 erat.
1066 3351 1187 3411 Constat
1210 3353 1289 3434 enim
1311 3352 1404 3412 luisse
1428 3371 1493 3419 eam
1515 3354 1542 3411 in

381 3461 525 3536 apparatu
548 3455 668 3520 critico,
692 3455 742 3529 qui
765 3453 917 3513 Zenodoto
939 3460 1059 3532 praesto
1082 3460 1171 3513 esset.
1203 3453 1345 3513 Proditur
1367 3472 1458 3533 porro
1481 3471 1542 3514 cer·

381 3561 420 3617 tis
442 3556 576 3623 indiciis,
600 3554 723 3614 eandem
747 3556 836 3615 etiam
860 3555 1066 3615 Aristarchum
1089 3555 1253 3614 admovisse
1276 3556 1311 3615 ad
1336 3573 1418 3615 suam
1442 3573 1544 3616 recen·

381 3662 495 3719 sionem
529 3655 753 3716 instituendam.
808 3655 1007 3726 Quamobrem
1047 3676 1115 3718 cum
1147 3657 1218 3717 inde
1258 3635 1298 3739 ab
1331 3675 1366 3716 eo
1401 3664 1543 3740 tempore,

381 3779 441 3839 quo
469 3758 619 3819 Zenodoto
648 3775 712 3818 eam
742 3758 824 3818 adire
852 3758 953 3827 licuit,
983 3777 1077 3838 usque
1106 3759 1142 3818 ad
1171 3758 1337 3831 Ari-starchi
1366 3765 1492 3819 aetatem
1514 3760 1543 3817 in

381 3860 561 3922 bibliotheca
584 3859 821 3921 Ptolemaeorum
845 3869 938 3929 esset,
962 3860 1095 3921 Rhianus
1111 3861 1219 3937 quidni·
1240 3861 1275 3920 ad
1300 3879 1364 3921 eam
1380 3859 1543 3927 accederet,

380 3959 557 4044 praesertim
581 3980 648 4022 cum
671 3961 709 4020 oh
732 3979 876 4022 summam
899 3968 1075 4022 vetustatem
1098 3963 1134 4022 ad
1159 3968 1254 4023 textus
1270 3962 1421 4023 Homerici
1445 3979 1543 4022 emen·

380 4067 528 4127 dationem
551 4064 719 4140 gravissimi
735 4065 876 4139 momenti
892 4072 971 4123 esset
994 4072 1024 4123 et
1045 4063 1083 4124 oh
1099 4065 1251 4123 raritatem
1269 4066 1333 4123 sine
1349 4062 1441 4123 dubio
1456 4066 1543 4123 etiam

380 4171 478 4229 maius
506 4167 651 4226 excitaret
677 4167 938 4242 grammaticorum
968 4165 1168 4226 desiderium?
1205 4164 1263 4225 Sed
1291 4165 1362 4243 quid
1391 4183 1492 4225 moror
1514 4165 1544 4222 in

383 4267 614 4331 demonstranda
636 4265 862 4347 probabilitate,
887 4285 954 4327 cum
977 4268 1135 4346 perspicua
1159 4272 1276 4326 exstent
1298 4265 1424 4334 indicia,
1448 4268 1542 4345 inspe-

381 4373 459 4431 xisse
487 4368 636 4429 Rhianum
671 4369 795 4429 eandem
831 4367 1004 4429 editionem
1020 4367 1239 4444 Pisistrateam,
1269 4386 1345 4447 quae
1374 4366 1544 4427 Aristarcho
