3312 5226
856 435 1009 534 A..

351 632 586 708 controversiam
610 630 732 688 omuino
754 627 890 688 inutilem
919 645 984 688 esse
1012 627 1141 705 putavit;
1171 643 1205 685 re
1226 636 1296 685 vcra
1325 626 1405 685 enim
1429 624 1518 684 nihili

350 733 476 792 interest
497 748 552 791 nec
575 732 733 809 quicquam
755 730 786 789 in
808 746 842 789 re
859 735 978 789 narrata
994 731 1141 797 variatur,
1165 730 1226 788 sive
1248 724 1314 789 ἀπὸ
1338 728 1425 805 βοῶν
1440 727 1519 789 ιεῦα

350 833 410 893 sive
433 833 521 911 βοῶν
550 828 705 893 ἀπέτιευα
732 831 817 893 dicis.
863 830 938 901 Quid
966 831 1042 909 quod
1073 832 1167 910 ipsius
1194 827 1421 909 praepositionis
1450 826 1518 891 ἀπό

351 953 422 995 μεμε
443 934 501 993 hoc
524 933 589 993 loco
616 951 675 994 nou
704 937 785 993 caret
811 933 887 993 iusta
911 932 1092 993 offensione?
1129 932 1261 992 Primum
1290 932 1370 991 euim
1400 948 1455 1010 per
1485 949 1518 992 se

352 1043 584 1097 consentaneum
617 1042 677 1104 est,
710 1034 857 1105 Aeneam,
893 1053 981 1114 quem
1015 1033 1143 1094 Achilles
1176 1035 1321 1093 inermem
1356 1050 1519 1111 aggressus

350 1143 429 1199 esset
461 1146 492 1198 et
522 1138 685 1215 fugientem
719 1145 966 1215 persequeretur,
1000 1155 1060 1196 non
1088 1154 1166 1224 cum
1200 1153 1292 1213 grege
1314 1153 1368 1195 sue
1392 1136 1518 1213 fugisse,

351 1241 403 1300 sed
424 1257 547 1318 gregem
571 1239 753 1309 deseruisse,
777 1247 810 1299 ut
833 1256 917 1299 suam
941 1246 1022 1300 certe
1046 1241 1134 1299 vitam
1157 1239 1228 1315 fuga
1243 1255 1330 1317 quam
1354 1237 1518 1297 celerrima

349 1349 496 1402 servaret:
530 1358 782 1421 supervacaneum
816 1342 908 1418 igitur
930 1348 975 1402 est
1002 1341 1062 1400 dici
1085 1358 1151 1399 eum
1181 1336 1247 1403 ἀπὸ
1271 1342 1358 1417 βοῶν
1381 1341 1517 1417 fugatum

350 1462 426 1504 esse.
465 1443 577 1503 Deinde
601 1450 698 1503 autem
720 1444 747 1502 si
770 1442 918 1503 Homerus
944 1443 1077 1503 indicare
1101 1441 1193 1501 voluit
1215 1442 1328 1512 locum,
1358 1442 1437 1502 unde
1459 1444 1517 1502 Ae-

349 1564 422 1607 neas
444 1544 481 1605 ab
504 1545 588 1605 hoste
611 1547 731 1623 fugatus
746 1550 841 1614 esset,
864 1545 921 1604 hoc
944 1546 1017 1605 satis
1038 1545 1237 1622 significatum
1260 1550 1306 1605 est
1320 1542 1421 1604 verbis
1443 1541 1519 1605 xor'

350 1645 471 1710 Ἰδαίων
500 1642 615 1723 ὀρέων.
665 1646 799 1726 Denique
829 1647 952 1707 molesta
986 1654 1031 1706 est
1057 1645 1219 1706 verborum
1252 1645 1422 1714 collocatio,
1457 1664 1517 1725 qua

349 1751 473 1827 μοῦνον
506 1746 602 1812 ἐόντα
632 1750 823 1809 interiectum
857 1756 902 1809 est
935 1750 1014 1808 inter
1036 1751 1124 1826 βοῶν
1153 1745 1219 1810 ἄπο
1253 1756 1282 1806 et
1315 1749 1405 1827 (εῡα,
1439 1766 1517 1827 quae

349 1851 495 1912 artissime
534 1851 707 1912 cohaerent.
764 1850 846 1910 Hane
885 1850 1079 1910 offensionem
1120 1850 1268 1929 triplicem
1307 1849 1451 1910 facillime
1487 1856 1518 1910 et

348 1956 503 2034 aptissime
527 1953 660 2014 Rhiauus
687 1970 723 2011 eo
751 1952 885 2023 sustulit,
914 1952 992 2028 quod
1021 1952 1201 2030 suffragante
1225 1952 1422 2030 Aristophane
1446 1970 1516 2012 eum

349 2053 495 2118 Chiaim
517 2074 572 2134 pro
594 2051 660 2117 ἄπο
688 2055 833 2133 reposuit.
877 2054 951 2115 Nam
974 2072 1041 2113 cum
1070 2056 1159 2131 βοῶν
1186 2051 1238 2116 ἔπι
1267 2055 1391 2131 μοῦνον
1418 2050 1517 2116 ἐόντα

348 2159 429 2218 inter
451 2174 482 2218 se
506 2158 665 2217 coniuncta
689 2157 763 2226 siut,
793 2157 912 2216 suavius
941 2155 1007 2216 fluit
1028 2157 1124 2214 oratio
1139 2190 1181 2199 -
1195 2156 1227 2215 id
1255 2155 1333 2236 qued
1356 2155 1516 2216 scholiasta

348 2258 530 2337 significasse
558 2258 677 2318 ridetur
711 2255 812 2318 verbis
840 2253 900 2319 οὐκ
926 2253 1084 2334 ἀχαρίτως
1103 2291 1148 2335 ,—
1178 2266 1209 2317 et
1241 2259 1402 2328 sententia,
1437 2276 1514 2338 quae

349 2362 494 2430 nascitur,
531 2360 567 2421 ad
601 2378 665 2419 rem
697 2360 793 2439 ipsam
810 2361 922 2437 ¹magis
954 2359 1174 2420 accommodata
1206 2367 1265 2427 est3
1306 2378 1402 2439 neque
1432 2362 1514 2420 enim

348 2456 477 2524 Achilles
492 2457 632 2523 timorem
654 2480 722 2521 eum
745 2461 880 2522 indicare
895 2460 1004 2531 voluit,
1027 2480 1086 2540 quo
1107 2463 1287 2540 perterritus
1298 2462 1413 2522 Aeneas
1435 2462 1514 2523 solus

347 2566 481 2642 fugeret,
505 2565 558 2625 scd
580 2572 728 2624 terrorem
744 2566 843 2644 potius
866 2565 895 2623 ei
910 2564 1068 2631 iniectum,
1092 2579 1160 2623 cum
1177 2563 1258 2624 solus
1279 2569 1309 2623 et
1331 2564 1366 2624 ad
1383 2582 1512 2644 pugnam

347 2669 501 2746 inparatus
523 2668 555 2726 iu
584 2672 684 2726 monte
712 2665 763 2726 lda
794 2665 884 2725 hoves
911 2669 1048 2744 pasceret
1077 2671 1107 2724 et
1134 2666 1287 2743 inproviso
1315 2665 1439 2727 Achillis
1467 2670 1512 2728 in-

347 2776 418 2847 petu
441 2769 672 2846 opprimeretur.
717 2766 839 2828 Accedit
861 2765 939 2845 quod
964 2764 1016 2828 ἐπί
1038 2768 1270 2846 capraepositio
1292 2774 1352 2838 est,
1376 2786 1454 2848 quae
1477 2769 1512 2829 de

347 2868 518 2950 pastoribus
544 2886 652 2947 greges
675 2867 916 2929 custodientibus
943 2868 1065 2947 proprie
1092 2868 1153 2928 dici
1181 2868 1288 2929 soleat:
1323 2887 1381 2947 qua
1415 2870 1451 2931 de
1478 2889 1511 2930 re

348 2988 596 3032 commemorasse
625 2971 753 3031 sufficiet
787 2969 968 3031 locutionem
1000 2970 1274 3049 frequentissimam
1304 2969 1511 3050 ἐπιβουκόλοτ

347 3071 429 3149 ἀνήρ
451 3072 480 3132 h.
505 3092 531 3133 e.
554 3062 656 3152 pastor
680 3074 797 3149 quiesi
819 3070 872 3134 ἐπὶ
897 3076 963 3134 τῶν
993 3075 1081 3150 βοῶν
1109 3091 1129 3147 γ
1150 3069 1222 3133 422.
1251 3070 1365 3136 ν235.
1393 3093 1419 3152 φ
1444 3070 1511 3135 199.

347 3192 367 3252 χ
388 3170 462 3235 268.
485 3170 558 3235 292.
581 3171 645 3235 285
672 3182 703 3234 et
726 3170 896 3250 ἐπιποιμήν
918 3191 939 3248 μ
961 3170 1017 3241 3l;
1047 3173 1101 3233 cfr.
1125 3177 1214 3236 ctiam
1237 3176 1361 3236 Ameisii
1384 3175 1510 3255 append.

347 3275 384 3336 ad
406 3292 427 3348 γ
447 3271 511 3335 422
533 3283 564 3336 et
585 3294 606 3337 α
627 3272 701 3336 273.

299 3369 343 3435 10
434 3377 507 3438 Cum
534 3375 752 3437 Antimacho
780 3376 931 3437 consensit
959 3375 1092 3438 Rhiauus
1119 3374 1148 3440 Φ
1171 3374 1243 3439 607.
1280 3378 1419 3440 Troianis
1445 3379 1511 3440 uhi·

347 3496 405 3556 que
427 3477 522 3556 pulsis
544 3477 702 3557 multisque
724 3478 834 3538 occisis
855 3477 984 3539 Achilles
1013 3496 1099 3539 saeva
1122 3478 1253 3540 bellandi
1281 3481 1443 3560 eupiditate
1466 3483 1510 3541 iu·

346 3578 513 3639 flammatus
536 3596 603 3639 rum
619 3579 739 3640 Achivis
763 3579 798 3640 ad
815 3578 920 3640 urbem
943 3583 1077 3660 proxime
1101 3582 1237 3652 accessit,
1261 3589 1291 3642 et
1312 3582 1453 3644 Troianis
1474 3582 1510 3642 de

347 3678 442 3740 salute
465 3680 685 3759 desperandum
712 3682 784 3751 fuit,
813 3683 873 3743 nisi
900 3681 1004 3761 Apollo
1027 3683 1195 3761 Agenorem
1223 3684 1395 3745 cohortatus
1423 3691 1510 3753 esset,

346 3787 379 3843 ut
406 3781 502 3843 hostis
529 3783 662 3844 furorem
695 3785 721 3843 si
750 3784 846 3845 miuus
873 3785 1045 3854 refrenare,
1079 3791 1109 3845 at
1140 3788 1287 3847 remorari
1314 3786 1453 3858 auderet,
1482 3793 1511 3846 et

346 3883 491 3945 Achillem
513 3884 659 3964 Agenoris
686 3886 784 3964 specie
813 3885 934 3946 indutus
962 3886 1129 3948 fefellisset.
1177 3886 1241 3958 Quo
1270 3889 1372 3948 divino
1401 3888 1509 3950 auxilio

346 3986 456 4047 factum
480 3993 540 4059 est,
562 3992 597 4048 ut
611 3988 737 4047 maxima
760 4006 830 4066 pars
853 3988 1051 4051 Troianorum
1074 3990 1105 4051 in
1128 3991 1280 4051 moenium
1305 3990 1419 4069 refugia
1443 4009 1509 4072 per·

346 4090 497 4149 venirent:
1365 4139 1369 4147 .

471 4188 572 4269 τόφρ’
594 4187 688 4253 ἄλλοι
710 4189 818 4268 reue(
840 4191 1062 4271 πεφοβημένοι
1084 4191 1185 4271 ἦλθον
1208 4191 1309 4278 ὁμίλῳ

473 4290 620 4355 ἀιπάιιοι
641 4290 737 4370 προτὶ
759 4289 848 4356 dcto·
869 4291 988 4356 noire
1010 4292 1045 4356 δ’
1067 4292 1242 4373 ἔμπλητο
1266 4295 1420 4361 ἀλέντων.

347 4392 443 4454 Schol.
466 4392 560 4457 πόλιτ
583 4391 617 4455 δ’
638 4390 794 4472 ἔμπλητο·
816 4394 904 4472 παρὰ
926 4393 1103 4479 Ἀντιμάχῳ
1125 4395 1177 4460 καλ
1198 4396 1315 4481 Ῥιανῷ
1336 4397 1455 4461 πύλαι
1476 4395 1509 4459 δ’
