3312 5226
652 329 800 427 λ,-
834 338 838 346 .

142 521 289 583 credibile
312 529 373 591 est,
398 540 466 582 cunr
489 522 576 581 etiam
601 521 674 582 alios
695 526 811 581 veteres
833 522 1044 599 grammaticos
1065 526 1096 580 et
1116 521 1308 601 interpretes,

140 625 212 705 quid
236 623 419 685 discriminis
441 625 615 684 interesset.
628 624 706 683 inter
730 620 791 699 ἀήρ
814 631 844 684 et
865 619 956 699 αἰθήρ
984 627 1014 683 et
1040 617 1197 703 οὐρανός,
1226 624 1308 683 inve·

139 729 251 803 stigare
274 736 394 787 conatos
417 741 483 786 esse
505 726 650 793 sciamus,
674 725 767 784 donec
790 722 981 785 Aristarchus
1010 723 1146 801 diligenti
1169 722 1308 786 ohserva-

139 831 222 889 tione
245 828 299 888 has
321 828 512 907 quaestiones
540 826 710 905 expediret,
740 827 826 892 onius
854 816 1021 887 doctrinam
1050 825 1194 893 Lehrsins
1217 824 1307 886 Arist.

138 949 169 1009 p.
195 926 257 991 164
271 949 316 1009 sq.
339 926 700 1006 enucleateexplanavit.
745 927 841 988 Huius
869 929 961 1006 igitur
989 928 1113 1004 vestigia
1135 929 1230 988 secuti
1258 946 1308 988 ex·

137 1032 294 1092 ordiamur
316 1049 333 1091 a
354 1048 426 1091 voce
449 1026 558 1107 αἰθήρ,
590 1048 666 1108 quae
688 1029 763 1090 locis
783 1025 826 1090 24
854 1022 931 1109 apud
954 1029 1116 1090 Homerum
1142 1029 1253 1107 legitur
1279 1036 1310 1090 et

137 1154 154 1196 a
178 1152 236 1213 qua
259 1129 353 1211 αἴθρη
376 1131 541 1192 derivatum
563 1128 663 1207 est⁴⁹l
709 1132 750 1192 hc
778 1134 937 1212 perspicua
965 1138 1010 1192 est
1037 1131 1198 1211 explicatio
1221 1130 1308 1192 scho-

135 1236 241 1296 liastae
267 1234 370 1295 Veneti
393 1234 429 1294 ad
453 1232 476 1294 Β
498 1228 576 1294 458:
611 1230 686 1295 καθ’
718 1230 864 1309 ’Όμηρον
892 1235 1022 1309 πρῶτος
1045 1227 1112 1296 ἀπὸ
1140 1233 1198 1310 γῆς
1225 1229 1307 1296 ἐςτιν

136 1334 156 1399 ὁ
181 1332 259 1416 ἀήρ,
288 1330 359 1397 εἰτα
380 1332 459 1412 μετὰ
480 1331 520 1396 τὰ
541 1330 625 1411 νέφη
655 1330 762 1412 αἰθήρ,
791 1331 831 1396 ὃν
857 1331 908 1396 καὶ
935 1331 1115 1411 ὁμωνύμως
1135 1338 1181 1416 τῷ
1204 1352 1306 1411 ςτερε-

135 1436 220 1520 μνίῳ
244 1435 388 1513 οὐρανὸν
412 1435 508 1499 καλεῖ.
554 1433 628 1496 Cum
656 1434 703 1495 his
732 1437 905 1514 conspirant
927 1454 1003 1515 quae
1026 1435 1193 1516 Hesychius
1216 1435 1307 1497 tradit

135 1561 160 1602 s.
186 1560 212 1601 v.
236 1536 344 1616 αἰθήρ·
366 1536 385 1601 ὁ
408 1534 488 1614 ὑπὲρ
511 1535 551 1600 τὰ
573 1534 658 1615 νέφη
680 1534 790 1599 τόπος.
813 1534 959 1614 Αἰθέρος·
982 1533 1079 1615 ἀέρος
1101 1535 1121 1614 ἢ
1143 1538 1202 1600 τοῦ
1224 1535 1305 1615 ὑπὲρ

134 1640 196 1704 τὸν
218 1637 300 1718 ἀέρα
322 1636 420 1703 ὄντος
442 1648 474 1700 et
496 1639 599 1719 Steph.
623 1639 694 1718 Byr.
724 1635 743 1699 ὁ
772 1635 853 1715 ὑπὲρ
880 1637 938 1702 τὸν
966 1636 1045 1715 ἀέρα
1072 1637 1306 1717 πεπυρωμένος

135 1740 246 1806 τόπος.
291 1741 390 1813 Quare
413 1759 489 1821 quae
513 1761 530 1801 a
553 1749 632 1801 terra
661 1743 693 1801 in
722 1741 842 1803 aethera
873 1739 1053 1811 escendunt,
1084 1747 1152 1803 aera
1181 1754 1305 1823 percur-

135 1864 207 1905 rere
230 1845 384 1905 dicuntur:
414 1839 443 1904 Ξ
465 1837 529 1903 288
556 1841 685 1902 Somnus
707 1844 738 1902 in
762 1841 890 1903 abietem
913 1862 945 1904 se
968 1844 1099 1913 coulert,
1129 1841 1149 1919 ἢ
1172 1839 1243 1906 τότ’
1270 1841 1305 1906 ἐν

133 1946 200 2028 Ἴδῃ
228 1942 410 2024 μακροτάτη
441 1943 584 2022 πεφυυῖα
617 1939 668 2006 δι’
695 1940 812 2020 ἠέρος
839 1940 943 2022 αἰθέρ’
968 1941 1094 2027 ἵκανεν,
1123 1953 1154 2005 et
1180 1946 1306 2006 invicem

133 2044 247 2111 1350
274 2048 406 2108 Minerva
434 2049 464 2107 iu
498 2054 612 2107 terram
641 2044 781 2106 devolans
812 2043 958 2122 οὐρανοῦ
985 2043 1021 2109 ἐκ
1048 2044 1229 2110 κατέπαλτο
1258 2042 1312 2109 δι’

133 2147 318 2230 αἰθέρος,
353 2156 441 2229 atque
472 2146 523 2208 uhi
547 2146 694 2208 Homerus
722 2148 837 2227 poetica
864 2149 991 2228 quadam
1018 2146 1182 2231 ὑπερβολῇ
1210 2150 1307 2210 utitur

134 2253 173 2313 ad
201 2270 349 2313 summam
377 2248 570 2311 indicandam
605 2249 806 2319 altitudinem,
841 2246 933 2326 αἰθῆρ
962 2251 1067 2311 eodem
1096 2252 1184 2312 modo
1212 2253 1305 2331 ponit,

134 2372 195 2434 quo
229 2353 315 2414 latini
349 2359 454 2432 poetae
486 2353 589 2413 sideru
622 2368 733 2429 ponere
763 2351 874 2419 solent,
907 2359 941 2412 ut
963 2351 1048 2412 Ovid.
1073 2358 1154 2436 met.
1185 2352 1237 2412 VH
1264 2349 1304 2412 61

133 2459 248 2516 vertice
275 2457 379 2515 sidera
412 2461 553 2529 tanqam,
582 2451 668 2529 Verg.
704 2452 778 2512 hen.
806 2452 834 2513 ll
861 2448 925 2513 222
957 2456 1107 2514 clamores
1136 2454 1306 2514 horrendos

132 2559 302 2618 adsidere
324 2558 417 2630 tollit,
442 2555 499 2616 alia
526 2553 632 2615 multa:
657 2551 683 2615 Ο
705 2548 768 2614 686
796 2554 870 2614 Aiax
899 2552 1054 2632 ςμερδνὸν
1079 2552 1189 2633 βοόων
1212 2573 1304 2616 naves

132 2659 301 2739 percurrit:
324 2656 419 2736 φωνῆ
441 2652 477 2719 δέ
499 2653 530 2717 ol
551 2652 655 2731 αἰθέρ’
681 2651 808 2728 ἵκανεν,
837 2651 942 2717 (2θῖ
967 2653 1011 2719 ὡς
1038 2655 1072 2719 δ’
1099 2653 1154 2720 ὅτε
1182 2655 1305 2720 καπνὸς

132 2758 194 2823 ἰὼν
216 2756 249 2824 ἐξ
271 2753 383 2821 ἀςτεος
406 2754 511 2834 αἰθέρ’
532 2753 649 2835 ἱκάνει,
678 2754 754 2816 ibid.
776 2752 841 2816 214
863 2754 909 2818 ὣς
932 2753 993 2820 ἀπ’
1020 2755 1186 2837 Ἀχιλλῆος
1207 2777 1304 2837 κεφα-

132 2863 193 2937 λῆς
216 2859 309 2923 ςέλας
330 2855 434 2935 αἰθέρ’
454 2855 583 2936 ἵκανεν,
606 2853 709 2920 Τ379
732 2854 777 2919 ὣς
800 2854 864 2920 ἀπ’
885 2855 1053 2935 Ἀχιλλῆος
1075 2858 1188 2923 ςὰκεος
1210 2858 1303 2923 ςέλας

132 2961 239 3040 αἰθέρ’
259 2959 388 3037 ἵκανεν,
412 2959 437 3024 Ν
462 2957 523 3022 837
546 2957 607 3039 ἠχὴ
630 2956 665 3022 δ’
691 2954 887 3037 ἀμφοτέρων
907 2957 990 3023 ἵκετ’
1016 2957 1127 3037 αἰθέρα
1149 2959 1200 3023 καὶ
1220 2960 1303 3026 Διὸς

132 3063 247 3146 αὐγάς,
263 3084 281 3127 τ
296 3060 361 3126 540
375 3060 440 3126 ὁδ’
455 3060 488 3124 ές
503 3059 614 3139 αἰθέρα
628 3062 701 3124 δῖαν
722 3059 835 3139 ἀέρθη,
865 3060 917 3122 υἰιί
930 3062 966 3123 de
981 3062 1081 3141 aquila
1101 3065 1209 3141 agitur,
1227 3083 1303 3144 quae

132 3167 232 3228 volatu
255 3165 300 3226 vel
328 3165 425 3226 nubes
447 3167 585 3226 excessit.
631 3163 690 3224 Sed
717 3169 818 3224 tamen
849 3163 1010 3225 discrimen
1043 3165 1203 3227 intercedit
1224 3168 1303 3228 inter

132 3266 273 3345 αἰθέρα
290 3275 320 3328 et
335 3265 526 3344 αὐρανόν;
543 3267 619 3328 hanc
635 3267 713 3326 enim
730 3269 972 3346 superiorem,
987 3267 1068 3328 illam
1083 3269 1302 3331 inferiorem

132 3377 251 3450 partem
274 3369 356 3452 illius
377 3368 509 3447 regionis
538 3366 675 3427 caelestis
704 3385 784 3438 esse,
813 3387 889 3448 quae
919 3375 964 3428 est
990 3368 1068 3430 ultra
1090 3369 1199 3441 nubes,
1228 3371 1302 3432 haec
1367 3405 1373 3418 ·

133 3471 228 3533 hahes
251 3471 444 3532 documenta:
469 3469 492 3531 Β
514 3465 577 3531 458
600 3466 644 3533 ὣς
665 3472 731 3532 τῶν
754 3465 941 3546 ἐρχομένων
966 3467 1033 3534 ἀπὸ
1048 3472 1170 3549 χαλκοῦ
1193 3460 1303 3537 θεςπε-

201 3705 246 3773 49)
265 3703 320 3758 cfr.
338 3701 539 3757 Eustathius
558 3706 632 3768 1121,
645 3707 686 3756 39.
698 3702 786 3756 thim
803 3703 835 3757 έκ
847 3707 898 3771 τῆς
917 3703 1027 3772 αἰθέρος
1044 3710 1156 3772 γενικῆς
1174 3709 1300 3775 γέγονεν,

133 3792 174 3846 ὡς
192 3791 224 3845 ἐκ
233 3794 285 3857 τῆς
297 3789 430 3856 γαςτέρος
448 3788 553 3856 γάςτρη
572 3789 617 3841 καί
632 3788 752 3855 πατέρος
771 3788 873 3857 πάτρη.
892 3787 1032 3844 Vocabuli
1048 3790 1133 3857 αἰθήρ
1149 3791 1225 3845 idem
1242 3797 1301 3858 697,

134 3880 166 3929 13
185 3874 213 3929 et
231 3877 290 3937 982,
310 3878 343 3927 34
361 3871 501 3941 duplicem
517 3871 627 3942 profert
645 3870 873 3942 originationem,
893 3890 956 3928 cum
973 3874 1056 3942 αἰθήρ
1073 3876 1181 3943 ἢπαρὰ
1198 3877 1233 3930 τὸ
1251 3876 1300 3930 αἰ-

134 3963 221 4025 θειν,
249 3959 265 4012 ὅ
284 3959 341 4025 ὲςτι
364 3957 453 4012 καίειν
471 3960 516 4011 καί
538 3959 658 4024 λαμπειν
675 3960 693 4025 ἢ
712 3959 789 4025 παρὰ
806 3961 841 4014 τὸ
860 3960 903 4015 ἀεὶ
920 3960 1013 4015 θέειν
1031 3958 1223 4013 deducendum
1241 3977 1301 4015 esse

134 4042 217 4100 dicat.
253 4040 333 4106 Quod
350 4040 474 4096 hausisse
491 4041 603 4096 ridetur
620 4058 655 4096 ex
672 4040 877 4111 Aristotele,
900 4043 949 4112 qui
971 4043 1006 4096 de
1029 4042 1105 4097 caelo
1123 4043 1137 4095 I
1154 4050 1170 4097 3
1188 4044 1299 4099 Anaxa-

133 4143 232 4196 goram
255 4125 324 4180 dicit
345 4126 428 4193 αἰθήρ
456 4126 492 4180 ab
515 4127 640 4181 αἴθεςθαι
667 4124 805 4179 derivasse
833 4127 862 4179 et
882 4127 941 4196 ipse
969 4126 1095 4194 sequitur
1121 4126 1300 4184 Platonem

134 4209 236 4280 Cratyl.
255 4210 353 4264 moe:
372 4212 426 4264 τὸν
439 4248 445 4265 .
460 4210 548 4278 .ἀέρα
562 4253 567 4264 .
582 4252 588 4263 .
601 4213 645 4264 ὅτι
663 4211 716 4264 ἀεὶ
740 4214 793 4264 θεῖ
818 4213 883 4277 περὶ
906 4213 959 4265 τὸν
981 4212 1050 4279 ἀέρα
1072 4212 1164 4280 ῥέων,
1186 4213 1300 4283 ἀειθεὴρ
1356 4262 1358 4268 .

135 4295 247 4351 δικαίως
266 4296 301 4350 ἂν
314 4297 438 4352 καλοῖτο.
473 4292 624 4350 Praeterea
642 4295 690 4349 cfr.
709 4292 870 4372 Gt‘Ourtius
889 4295 973 4365 etym.
991 4313 1033 4365 gr.
1050 4314 1079 4367 p.
1091 4300 1142 4351 225
1159 4315 1186 4352 n.
1199 4305 1257 4355 302.
