3312 5226
929 399 971 463 60

876 488 1027 497 -—----.-

372 591 510 670 liesychii
528 591 654 667 glossam
671 586 830 654 ὀττᾶτθαι·
854 586 1095 667 κληδονίτατθαι
1111 597 1192 650 reete
1208 608 1348 650 revocare
1372 588 1430 650 sihi
1454 592 1531 651 risus

364 700 423 752 est.
468 691 505 752 Et
527 691 661 770 prolecto
677 690 916 768 κληδονίτατθαι
938 689 1010 752 illud
1034 694 1154 770 egregie
1170 694 1311 769 congruit
1330 710 1398 752 cum
1415 691 1531 771 Didymi

368 795 631 873 interpretatione,
656 793 706 853 sed
730 794 842 854 frustra
865 811 1007 872 quaeras,
1037 794 1088 873 qui
1111 794 1175 853 lieri
1199 795 1307 872 possit,
1337 801 1369 854 ut
1398 790 1531 857 ὄεεαντο

368 894 530 956 descendat
561 894 597 955 ah
626 891 781 957 ὀετᾶεθατ.
826 894 906 956 Nihil
934 895 1030 964 eliud,
1060 895 1085 955 si
1114 894 1186 974 quid
1213 892 1312 965 video,
1341 894 1531 973 relinquitur,

368 1016 457 1077 quam
485 1004 518 1058 ut
546 1003 658 1057 mutato
687 1003 813 1058 accentu
847 996 925 1076 apud
948 996 1130 1076 Hesychium
1160 992 1306 1060 ὄεεατθαι
1333 998 1532 1076 corrigamus:

369 1107 432 1160 tum
454 1099 591 1160 Rhianus
607 1116 715 1159 novum
739 1096 863 1159 verbum
886 1094 1017 1175 ὄτταμαι
1039 1098 1193 1175 procudit,
1216 1099 1303 1159 ouius
1324 1099 1534 1179 imperfectum

367 1201 534 1278 legitimum
556 1208 602 1260 est
624 1195 770 1263 ὄτεαντο.
815 1199 999 1280 Quamquam
1024 1202 1049 1260 si
1078 1200 1215 1261 nolumus
1242 1200 1383 1281 Hesychii
1406 1201 1534 1278 glossam

367 1309 499 1372 mutare,
532 1309 565 1362 ut
592 1302 732 1363 Porsonis
760 1303 964 1363 coniecturam
997 1304 1195 1371 retineamus
1230 1304 1319 1364 etiarn
1348 1302 1405 1362 alia
1432 1320 1533 1362 emen·

368 1403 457 1466 dandi
480 1406 527 1464 ria
550 1411 646 1484 patet:
671 1404 740 1465 durn
763 1404 850 1464 inodo
873 1406 954 1464 enim
977 1400 1123 1467 ὀτεᾶεθαι
1145 1403 1182 1464 ah
1199 1404 1346 1484 Hesychio
1369 1412 1451 1465 recte
1475 1412 1535 1465 tra·

369 1507 464 1568 ditum
487 1502 584 1584 sit⁴³),
608 1512 706 1585 potest
727 1523 782 1583 pro
798 1503 910 1568 έτεατο
926 1506 1096 1586 imperfecti
1113 1503 1274 1583 singularis
1288 1502 1405 1569 ύεεᾶτο
1427 1508 1534 1587 reponi

369 1627 458 1671 sensu
480 1609 614 1686 passivo,
638 1615 670 1669 ut
691 1603 828 1684 diedone
858 1605 986 1667 subiecti
1010 1607 1107 1667 locum
1129 1614 1240 1667 teneat.
1272 1607 1330 1668 Sed
1353 1625 1420 1668 cum
1443 1609 1537 1668 tantis

368 1710 439 1771 huic
462 1712 507 1770 rei
529 1708 664 1775 tenebris
687 1708 790 1769 otiosis
812 1725 915 1769 verum
945 1708 1095 1788 dispicere
1124 1726 1182 1768 non
1206 1709 1310 1777 liceat,
1339 1711 1371 1770 in
1394 1708 1537 1787 ambiguo

369 1831 435 1874 eam
457 1812 628 1891 relinquere
651 1810 816 1871 consultius
832 1810 973 1870 arbitror.

255 1988 258 1995 Ι
317 1907 363 1973 24
454 1910 567 1993 β241.
597 1913 630 1973 ln
647 1912 750 1974 eadem
767 1911 903 1972 contione
920 1920 1078 1991 postquam
1094 1912 1394 1991 Halithersesprocis
1411 1915 1536 1974 exitium

368 2023 530 2094 auguratus
541 2023 571 2076 et
582 2015 754 2077 ithacenses
770 2014 944 2074 adhortatus
959 2021 1012 2083 est,
1030 2020 1062 2076 ut
1077 2032 1136 2093 quo
1151 2014 1239 2075 modo
1251 2029 1412 2093 procorum
1430 2032 1537 2094 super-

368 2116 447 2178 hiam
471 2124 630 2177 coerceant
652 2114 834 2184 deliberent,
858 2121 1011 2193 postremo
1034 2118 1124 2176 etiarn
1140 2115 1270 2184 Mentor,
1294 2115 1388 2176 Vlixis
1411 2119 1536 2185 amicus,

369 2221 559 2280 contionatur
582 2226 613 2278 et
641 2215 783 2296 gravibus
811 2215 912 2276 verhis
934 2218 1015 2277 cives
1037 2217 1246 2296 reprehendit,
1275 2217 1353 2296 quod
1376 2219 1467 2278 otiosi
1490 2236 1536 2277 se·

369 2320 473 2389 deant,
497 2322 737 2399 necquicquam
761 2327 863 2395 agant,
888 2325 921 2380 ut
942 2336 1058 2397 paucos
1080 2337 1188 2397 procos
1209 2326 1413 2397 conopescant:
1469 2344 1473 2350 ·

410 2417 474 2483 239
495 2422 555 2485 νύν
578 2419 611 2483 h’
633 2415 723 2501 ditur
746 2418 836 2502 δήμῳ
858 2417 1072 2498 νεμεείῑομαι,
1095 2417 1169 2484 οἷον
1191 2417 1332 2487 ἅπαντες

494 2519 566 2599 ἧεθ’
589 2518 686 2604 ἄνεῳ,
709 2519 789 2599 ἀτὰρ
813 2519 854 2584 οὔ
876 2541 905 2584 τι
927 2519 1163 2599 καθαπτόμενοι
1185 2520 1325 2586 ἐπέεεειν

495 2622 640 2702 παύρουε
655 2625 834 2702 μνηετῆραε
856 2622 1095 2699 intepescere
1117 2623 1235 2687 πολλοὶ
1257 2621 1374 2691 έόντεε.

368 2727 423 2789 Cui
444 2722 546 2786 statim
568 2725 731 2802 respondet
752 2725 923 2786 Leooritus:
1359 2740 1362 2745 ’

409 2823 473 2888 243
496 2825 626 2904 Μέντορ
648 2823 820 2906 ἀταρτηρέ,
843 2824 966 2905 φρένα(
988 2824 1079 2907 ἠλεέ,
1101 2828 1200 2891 ποῖον
1223 2826 1344 2907 ἔειπες,

477 2926 593 3006 4ἡμέαε
615 2924 763 3006 ὀτρύνων
785 2925 1075 3005 καταπαυέμεν.

369 3030 420 3091 Sic
446 3030 519 3092 olim
547 3030 697 3108 vulgatum
720 3037 784 3091 erat
807 3028 992 3091 editionibus
1019 3030 1158 3090 omnihus
1187 3038 1217 3091 et
1244 3030 1332 3091 hodie
1360 3050 1481 3111 quoqne
1503 3034 1535 3091 in

369 3132 532 3202 nonnullis,
556 3134 642 3193 utin
666 3131 872 3201 Dindorliana,
896 3130 1020 3209 legitur,
1043 3150 1221 3212 quamquam
1238 3133 1445 3199 emendatione
1469 3153 1536 3195 cer-

367 3236 481 3295 tissima
504 3235 564 3294 iam
587 3233 704 3312 pridem
727 3233 807 3293 hunc
828 3251 947 3293 versum
970 3233 1077 3295 Rhiani
1108 3236 1321 3313 perspicacitas
1349 3234 1386 3295 ad
1409 3236 1535 3313 integri·

368 3343 456 3396 tatem
479 3334 614 3395 reduxit:
638 3338 665 3395 is
692 3336 773 3395 enim
795 3331 994 3397 καταπαύετε
1017 3353 1071 3413 pro
1093 3332 1279 3413 κατερύκετε
1302 3356 1328 3396 ν.
1351 3333 1414 3398 241
1437 3340 1536 3417 serip-

366 3438 405 3498 sit
432 3436 599 3505 verissime,
629 3436 659 3496 id
693 3436 772 3516 quod
800 3436 914 3512 legisse
947 3444 1008 3496 tam
1036 3437 1087 3497 diu
1120 3437 1258 3498 homiues
1283 3439 1386 3500 doctos
1418 3448 1454 3500 eo
1482 3458 1536 3500 ex·

367 3545 502 3608 cusatur,
530 3536 608 3617 qnod
639 3540 670 3598 in
693 3535 848 3597 codicibus
869 3536 1051 3598 scholiorum
1081 3556 1115 3597 ea
1138 3539 1233 3600 lorma
1260 3542 1292 3600 in
1320 3539 1371 3602 καὶ
1398 3538 1537 3602 παύεται
1630 3568 1631 3601 r

367 3639 527 3718 depravata
549 3646 580 3700 et
601 3646 694 3701 totum
718 3638 850 3700 scholion
881 3657 1021 3716 perverse
1051 3638 1087 3699 ad
1109 3639 1331 3719 καταπαυέμεν
1361 3643 1448 3724 inv.
1469 3636 1538 3700 244
1630 3668 1631 3683 τ

366 3740 492 3802 relatum
516 3742 589 3802 erat'.
635 3740 694 3801 Hac
718 3739 837 3802 demum
859 3749 956 3802 aetate
980 3740 1092 3802 detexit
1112 3759 1248 3802 errorem
1271 3742 1355 3804 Imm.
1379 3743 1537 3803 Behherus

367 3851 396 3904 ot
424 3843 557 3903 scholion
584 3843 738 3920 ingeniose
767 3844 797 3902 in
826 3842 906 3902 huuc
934 3843 1053 3903 modum
1081 3841 1227 3904 restituit:
1264 3839 1336 3907 241.
1366 3841 1537 3920 κατερύ-

366 3961 467 4008 κετε·
489 3940 616 4009 Ῥιανὸε
637 3940 755 4022 γράφει
777 3940 1033 4008 καταπαύετε.
1062 3943 1115 4006 καὶ
1136 3940 1237 4018 λόγον
1259 3942 1325 4022 ἔχει
1348 3941 1537 4008 brordani

433 4198 477 4259 42)
495 4193 537 4247 De
554 4193 608 4247 han
625 4194 720 4247 tamen
738 4210 768 4248 re
786 4210 860 4249 nune
877 4192 1063 4248 dubitandum
1081 4192 1205 4260 videtur,
1224 4211 1287 4249 cum
1304 4193 1342 4247 M.
1360 4190 1534 4248 Schmidtius

365 4278 395 4331 in
413 4277 478 4333 edit.
496 4276 628 4346 Hesychii
645 4277 781 4332 abiecerit
792 4280 919 4334 ὀεεᾶεθαι
938 4279 967 4332 et
978 4276 1126 4345 receperit:
1146 4280 1293 4334 ὁεεῶεθαι·
1312 4281 1535 4348 κλῃδονίεατθαι.
1629 4272 1630 4289 ²

366 4378 430 4418 cum
447 4360 542 4416 adnot.
561 4361 613 4416 ‘sic
631 4362 717 4418 codex
735 4364 764 4419 et
780 4361 910 4431 Vossius,
929 4364 1058 4420 ὀττᾶεθαι
1075 4362 1157 4417 Μαε.’
