<?xml version="1.0" encoding="UTF-8"?>
<!DOCTYPE html PUBLIC "-//W3C//DTD XHTML 1.0 Transitional//EN"
    "http://www.w3.org/TR/xhtml1/DTD/xhtml1-transitional.dtd">
<html xmlns="http://www.w3.org/1999/xhtml" xml:lang="en" lang="en">
 <head>
  <title>
</title>
<meta http-equiv="Content-Type" content="text/html;charset=utf-8" />
  <meta name='ocr-system' content='tesseract 3.04.00' />
  <meta name='ocr-capabilities' content='ocr_page ocr_carea ocr_par ocr_line ocrx_word'/>
</head>
<body>
  <div class='ocr_page' id='page_1' title='image "./derhianicretens00rhiagoog_0055.png"; bbox 0 0 3312 5226; ppageno 0'>
   <div class='ocr_carea' id='block_1_1' title="bbox 865 406 1020 506">
    <p class='ocr_par' dir='ltr' id='par_1_1' title="bbox 865 406 1020 506">
     <span class='ocr_line' id='line_1_1' title="bbox 865 406 1020 506; baseline 0 -36"><span class='ocrx_word' id='word_1_1' title='bbox 865 406 1020 506; x_wconf 43' lang='lat' dir='ltr'>A</span> 
     </span>
    </p>
   </div>
   <div class='ocr_carea' id='block_1_2' title="bbox 358 597 1527 2106">
    <p class='ocr_par' dir='ltr' id='par_1_2' title="bbox 358 597 1527 2106">
     <span class='ocr_line' id='line_1_2' title="bbox 360 597 1525 680; baseline 0.002 -21"><span class='ocrx_word' id='word_1_2' title='bbox 360 599 519 662; x_wconf 90' lang='lat' dir='ltr'>lectionem</span> <span class='ocrx_word' id='word_1_3' title='bbox 542 597 705 661; x_wconf 86' lang='lat' dir='ltr'>Rhianeam</span> <span class='ocrx_word' id='word_1_4' title='bbox 728 603 862 680; x_wconf 88' lang='lat' dir='ltr'>recepit,</span> <span class='ocrx_word' id='word_1_5' title='bbox 896 619 985 679; x_wconf 87' lang='lat' dir='ltr'>quem</span> <span class='ocrx_word' id='word_1_6' title='bbox 1014 606 1134 661; x_wconf 90' lang='lat' dir='ltr'>secutus</span> <span class='ocrx_word' id='word_1_7' title='bbox 1160 607 1205 660; x_wconf 89' lang='lat' dir='ltr'>est</span> <span class='ocrx_word' id='word_1_8' title='bbox 1228 598 1466 662; x_wconf 83' lang='lat' dir='ltr'>huentzerus</span> <span class='ocrx_word' id='word_1_9' title='bbox 1494 602 1525 661; x_wconf 90' lang='lat' dir='ltr'>in</span> 
     </span>
     <span class='ocr_line' id='line_1_3' title="bbox 359 698 1525 782; baseline 0 -20"><span class='ocrx_word' id='word_1_10' title='bbox 359 703 406 763; x_wconf 91' lang='lat' dir='ltr'>ed.</span> <span class='ocrx_word' id='word_1_11' title='bbox 429 702 532 763; x_wconf 81' lang='lat' dir='ltr'>Iliadis</span> <span class='ocrx_word' id='word_1_12' title='bbox 555 698 699 772; x_wconf 75' lang='grc'><strong>61866,</strong></span> <span class='ocrx_word' id='word_1_13' title='bbox 723 709 754 763; x_wconf 89' lang='grc'>61</span> <span class='ocrx_word' id='word_1_14' title='bbox 775 702 798 763; x_wconf 93' lang='grc' dir='ltr'>Ι.</span> <span class='ocrx_word' id='word_1_15' title='bbox 821 704 868 763; x_wconf 88' lang='lat' dir='ltr'>La</span> <span class='ocrx_word' id='word_1_16' title='bbox 891 702 1059 763; x_wconf 88' lang='lat' dir='ltr'>Rochius</span> <span class='ocrx_word' id='word_1_17' title='bbox 1074 701 1160 762; x_wconf 91' lang='lat' dir='ltr'>Hom.</span> <span class='ocrx_word' id='word_1_18' title='bbox 1178 700 1301 762; x_wconf 82' lang='lat' dir='ltr'>Textkr.</span> <span class='ocrx_word' id='word_1_19' title='bbox 1318 721 1348 782; x_wconf 88' lang='lat' dir='ltr'>p.</span> <span class='ocrx_word' id='word_1_20' title='bbox 1364 699 1429 764; x_wconf 82' lang='lat'>262</span> <span class='ocrx_word' id='word_1_21' title='bbox 1444 700 1525 781; x_wconf 83' lang='grc'><strong>(111)</strong></span> 
     </span>
     <span class='ocr_line' id='line_1_4' title="bbox 359 800 1526 885; baseline 0 -21"><span class='ocrx_word' id='word_1_22' title='bbox 359 811 389 864; x_wconf 89' lang='grc'>61</span> <span class='ocrx_word' id='word_1_23' title='bbox 412 804 447 865; x_wconf 88' lang='lat' dir='ltr'>G.</span> <span class='ocrx_word' id='word_1_24' title='bbox 463 804 619 865; x_wconf 85' lang='lat' dir='ltr'>Curtius</span> <span class='ocrx_word' id='word_1_25' title='bbox 642 811 731 884; x_wconf 77' lang='lat' dir='ltr'>etym.</span> <span class='ocrx_word' id='word_1_26' title='bbox 748 822 794 882; x_wconf 86' lang='lat' dir='ltr'>gr.</span> <span class='ocrx_word' id='word_1_27' title='bbox 817 825 846 884; x_wconf 90' lang='lat' dir='ltr'>p.</span> <span class='ocrx_word' id='word_1_28' title='bbox 863 800 926 865; x_wconf 85' lang='grc'>448</span> <span class='ocrx_word' id='word_1_29' title='bbox 941 804 1055 864; x_wconf 83' lang='grc'><strong>1616616</strong></span> <span class='ocrx_word' id='word_1_30' title='bbox 1078 803 1225 865; x_wconf 87' lang='lat' dir='ltr'>adiectiro</span> <span class='ocrx_word' id='word_1_31' title='bbox 1241 801 1395 880; x_wconf 77' lang='grc' dir='ltr'>εὐηγενή(</span> <span class='ocrx_word' id='word_1_32' title='bbox 1418 803 1526 885; x_wconf 89' lang='lat' dir='ltr'>proha-</span> 
     </span>
     <span class='ocr_line' id='line_1_5' title="bbox 360 905 1526 987; baseline 0 -21"><span class='ocrx_word' id='word_1_33' title='bbox 360 914 466 968; x_wconf 90' lang='lat' dir='ltr'>veruut</span> <span class='ocrx_word' id='word_1_34' title='bbox 487 909 640 967; x_wconf 85' lang='lat' dir='ltr'>inventum</span> <span class='ocrx_word' id='word_1_35' title='bbox 657 907 776 968; x_wconf 87' lang='lat' dir='ltr'>Rhiani.</span> <span class='ocrx_word' id='word_1_36' title='bbox 806 907 991 987; x_wconf 74' lang='lat' dir='ltr'><strong>Quamquam</strong></span> <span class='ocrx_word' id='word_1_37' title='bbox 1012 906 1136 967; x_wconf 83' lang='lat' dir='ltr'>luerunt</span> <span class='ocrx_word' id='word_1_38' title='bbox 1158 907 1263 975; x_wconf 90' lang='lat' dir='ltr'>etiam,</span> <span class='ocrx_word' id='word_1_39' title='bbox 1287 907 1338 982; x_wconf 91' lang='lat' dir='ltr'>qui</span> <span class='ocrx_word' id='word_1_40' title='bbox 1360 905 1526 983; x_wconf 82' lang='lat' dir='ltr'><strong>legitimam</strong></span> 
     </span>
     <span class='ocr_line' id='line_1_6' title="bbox 358 998 1527 1084; baseline -0.001 -17"><span class='ocrx_word' id='word_1_41' title='bbox 358 1008 441 1069; x_wconf 92' lang='lat' dir='ltr'>illius</span> <span class='ocrx_word' id='word_1_42' title='bbox 463 1008 670 1069; x_wconf 81' lang='lat' dir='ltr'>formationem</span> <span class='ocrx_word' id='word_1_43' title='bbox 692 1010 771 1068; x_wconf 86' lang='lat' dir='ltr'>tueri</span> <span class='ocrx_word' id='word_1_44' title='bbox 793 1016 987 1070; x_wconf 81' lang='lat' dir='ltr'>conarentur:</span> <span class='ocrx_word' id='word_1_45' title='bbox 1021 998 1276 1069; x_wconf 86' lang='lat' dir='ltr'>Dnederlinus</span> <span class='ocrx_word' id='word_1_46' title='bbox 1297 1009 1380 1068; x_wconf 89' lang='lat' dir='ltr'>enim</span> <span class='ocrx_word' id='word_1_47' title='bbox 1401 1008 1490 1084; x_wconf 82' lang='lat' dir='ltr'>gloss.</span> <span class='ocrx_word' id='word_1_48' title='bbox 1513 1006 1527 1066; x_wconf 96' lang='lat' dir='ltr'>l</span> 
     </span>
     <span class='ocr_line' id='line_1_7' title="bbox 358 1106 1526 1190; baseline 0 -20"><span class='ocrx_word' id='word_1_49' title='bbox 358 1129 389 1189; x_wconf 93' lang='lat' dir='ltr'>p.</span> <span class='ocrx_word' id='word_1_50' title='bbox 415 1106 476 1171; x_wconf 78' lang='lat'>178</span> <span class='ocrx_word' id='word_1_51' title='bbox 498 1129 528 1170; x_wconf 89' lang='lat' dir='ltr'>n.</span> <span class='ocrx_word' id='word_1_52' title='bbox 551 1106 613 1171; x_wconf 74' lang='lat'>271</span> <span class='ocrx_word' id='word_1_53' title='bbox 637 1128 704 1170; x_wconf 91' lang='lat' dir='ltr'>cum</span> <span class='ocrx_word' id='word_1_54' title='bbox 727 1111 894 1171; x_wconf 81' lang='lat' dir='ltr'>inauditam</span> <span class='ocrx_word' id='word_1_55' title='bbox 916 1110 1094 1190; x_wconf 89' lang='lat' dir='ltr'>epenthesiu</span> <span class='ocrx_word' id='word_1_56' title='bbox 1114 1110 1225 1171; x_wconf 86' lang='lat' dir='ltr'>vocalis</span> <span class='ocrx_word' id='word_1_57' title='bbox 1246 1130 1265 1187; x_wconf 91' lang='grc' dir='ltr'>η</span> <span class='ocrx_word' id='word_1_58' title='bbox 1287 1109 1405 1171; x_wconf 83' lang='lat' dir='ltr'>idoneis</span> <span class='ocrx_word' id='word_1_59' title='bbox 1427 1128 1526 1171; x_wconf 84' lang='lat' dir='ltr'>exem-</span> 
     </span>
     <span class='ocr_line' id='line_1_8' title="bbox 359 1203 1526 1293; baseline -0.002 -21"><span class='ocrx_word' id='word_1_60' title='bbox 359 1212 417 1290; x_wconf 88' lang='lat' dir='ltr'>plis</span> <span class='ocrx_word' id='word_1_61' title='bbox 439 1213 553 1273; x_wconf 86' lang='lat' dir='ltr'>firmari</span> <span class='ocrx_word' id='word_1_62' title='bbox 575 1230 636 1273; x_wconf 90' lang='lat' dir='ltr'>uon</span> <span class='ocrx_word' id='word_1_63' title='bbox 658 1230 746 1293; x_wconf 92' lang='lat' dir='ltr'>posse</span> <span class='ocrx_word' id='word_1_64' title='bbox 768 1211 902 1273; x_wconf 88' lang='lat' dir='ltr'>Nauchio</span> <span class='ocrx_word' id='word_1_65' title='bbox 925 1215 1124 1274; x_wconf 81' lang='lat' dir='ltr'>concessisset</span> <span class='ocrx_word' id='word_1_66' title='bbox 1145 1231 1180 1273; x_wconf 93' lang='lat' dir='ltr'>ac</span> <span class='ocrx_word' id='word_1_67' title='bbox 1201 1212 1247 1272; x_wconf 90' lang='lat' dir='ltr'>vel</span> <span class='ocrx_word' id='word_1_68' title='bbox 1270 1203 1445 1292; x_wconf 75' lang='grc' dir='ltr'>εὐηπέλήε,</span> <span class='ocrx_word' id='word_1_69' title='bbox 1467 1230 1526 1291; x_wconf 90' lang='lat' dir='ltr'>quo</span> 
     </span>
     <span class='ocr_line' id='line_1_9' title="bbox 359 1314 1527 1394; baseline -0.002 -18"><span class='ocrx_word' id='word_1_70' title='bbox 359 1316 386 1376; x_wconf 92' lang='lat' dir='ltr'>is</span> <span class='ocrx_word' id='word_1_71' title='bbox 409 1316 499 1376; x_wconf 91' lang='lat' dir='ltr'>unico</span> <span class='ocrx_word' id='word_1_72' title='bbox 521 1314 657 1394; x_wconf 84' lang='lat' dir='ltr'>exemplo</span> <span class='ocrx_word' id='word_1_73' title='bbox 686 1333 757 1375; x_wconf 89' lang='lat' dir='ltr'>usus</span> <span class='ocrx_word' id='word_1_74' title='bbox 785 1321 866 1385; x_wconf 88' lang='lat' dir='ltr'>erat,</span> <span class='ocrx_word' id='word_1_75' title='bbox 896 1316 1037 1376; x_wconf 87' lang='lat' dir='ltr'>idoneum</span> <span class='ocrx_word' id='word_1_76' title='bbox 1065 1333 1131 1375; x_wconf 89' lang='lat' dir='ltr'>esse</span> <span class='ocrx_word' id='word_1_77' title='bbox 1159 1320 1312 1392; x_wconf 80' lang='lat' dir='ltr'>negasset,</span> <span class='ocrx_word' id='word_1_78' title='bbox 1338 1332 1399 1374; x_wconf 91' lang='lat' dir='ltr'>uon</span> <span class='ocrx_word' id='word_1_79' title='bbox 1427 1321 1527 1374; x_wconf 92' lang='lat' dir='ltr'>tamen</span> 
     </span>
     <span class='ocr_line' id='line_1_10' title="bbox 358 1406 1525 1496; baseline -0.001 -20"><span class='ocrx_word' id='word_1_80' title='bbox 358 1418 523 1495; x_wconf 87' lang='lat' dir='ltr'>impetrare</span> <span class='ocrx_word' id='word_1_81' title='bbox 546 1435 562 1476; x_wconf 93' lang='lat' dir='ltr'>a</span> <span class='ocrx_word' id='word_1_82' title='bbox 585 1435 617 1476; x_wconf 89' lang='lat' dir='ltr'>se</span> <span class='ocrx_word' id='word_1_83' title='bbox 639 1419 751 1496; x_wconf 89' lang='lat' dir='ltr'>potuit,</span> <span class='ocrx_word' id='word_1_84' title='bbox 781 1424 815 1476; x_wconf 92' lang='lat' dir='ltr'>ut</span> <span class='ocrx_word' id='word_1_85' title='bbox 836 1406 1018 1477; x_wconf 62' lang='lat' dir='ltr'>adiectivum&#39;</span> <span class='ocrx_word' id='word_1_86' title='bbox 1036 1412 1191 1493; x_wconf 77' lang='grc' dir='ltr'>εὐηγενή(</span> <span class='ocrx_word' id='word_1_87' title='bbox 1214 1435 1250 1476; x_wconf 82' lang='lat' dir='ltr'>ex</span> <span class='ocrx_word' id='word_1_88' title='bbox 1272 1415 1395 1476; x_wconf 86' lang='lat' dir='ltr'>Homeri</span> <span class='ocrx_word' id='word_1_89' title='bbox 1418 1418 1525 1476; x_wconf 91' lang='lat' dir='ltr'>carmi·</span> 
     </span>
     <span class='ocr_line' id='line_1_11' title="bbox 359 1516 1526 1598; baseline 0.001 -21"><span class='ocrx_word' id='word_1_90' title='bbox 359 1516 449 1579; x_wconf 89' lang='lat' dir='ltr'>nibus</span> <span class='ocrx_word' id='word_1_91' title='bbox 479 1520 672 1579; x_wconf 80' lang='lat' dir='ltr'>exterminari</span> <span class='ocrx_word' id='word_1_92' title='bbox 706 1525 874 1598; x_wconf 87' lang='lat' dir='ltr'>pateretur,</span> <span class='ocrx_word' id='word_1_93' title='bbox 903 1536 986 1578; x_wconf 89' lang='lat' dir='ltr'>nam:</span> <span class='ocrx_word' id='word_1_94' title='bbox 1021 1517 1230 1588; x_wconf 68' lang='lat' dir='ltr'>‘Gleichwohh</span> <span class='ocrx_word' id='word_1_95' title='bbox 1267 1520 1381 1596; x_wconf 85' lang='lat' dir='ltr'>iuquit,</span> <span class='ocrx_word' id='word_1_96' title='bbox 1416 1518 1468 1578; x_wconf 90' lang='lat' dir='ltr'>hat</span> <span class='ocrx_word' id='word_1_97' title='bbox 1495 1519 1526 1577; x_wconf 93' lang='lat' dir='ltr'>iu</span> 
     </span>
     <span class='ocr_line' id='line_1_12' title="bbox 360 1616 1526 1698; baseline -0.002 -17"><span class='ocrx_word' id='word_1_98' title='bbox 360 1616 515 1697; x_wconf 81' lang='grc' dir='ltr'>εὐηγενή(</span> <span class='ocrx_word' id='word_1_99' title='bbox 538 1619 590 1680; x_wconf 91' lang='lat' dir='ltr'>das</span> <span class='ocrx_word' id='word_1_100' title='bbox 612 1640 631 1697; x_wconf 91' lang='grc' dir='ltr'>η</span> <span class='ocrx_word' id='word_1_101' title='bbox 653 1621 833 1698; x_wconf 80' lang='lat' dir='ltr'>wenigstens</span> <span class='ocrx_word' id='word_1_102' title='bbox 861 1622 929 1680; x_wconf 88' lang='lat' dir='ltr'>ciue</span> <span class='ocrx_word' id='word_1_103' title='bbox 952 1618 1315 1698; x_wconf 84' lang='lat' dir='ltr'>Quasi-herechtigung,</span> <span class='ocrx_word' id='word_1_104' title='bbox 1343 1637 1431 1680; x_wconf 82' lang='lat' dir='ltr'>menn</span> <span class='ocrx_word' id='word_1_105' title='bbox 1457 1637 1526 1679; x_wconf 90' lang='lat' dir='ltr'>man</span> 
     </span>
     <span class='ocr_line' id='line_1_13' title="bbox 360 1718 1525 1797; baseline -0.001 -15"><span class='ocrx_word' id='word_1_106' title='bbox 360 1740 392 1783; x_wconf 90' lang='lat' dir='ltr'>es</span> <span class='ocrx_word' id='word_1_107' title='bbox 421 1721 464 1782; x_wconf 90' lang='lat' dir='ltr'>als</span> <span class='ocrx_word' id='word_1_108' title='bbox 491 1721 697 1783; x_wconf 89' lang='lat' dir='ltr'>Metathese</span> <span class='ocrx_word' id='word_1_109' title='bbox 725 1722 778 1783; x_wconf 89' lang='lat' dir='ltr'>des</span> <span class='ocrx_word' id='word_1_110' title='bbox 807 1722 929 1782; x_wconf 76' lang='lat' dir='ltr'>hulauts</span> <span class='ocrx_word' id='word_1_111' title='bbox 949 1718 1087 1797; x_wconf 81' lang='grc' dir='ltr'>ἠυγενή(</span> <span class='ocrx_word' id='word_1_112' title='bbox 1115 1722 1292 1786; x_wconf 88' lang='lat' dir='ltr'>hetrachtet.</span> <span class='ocrx_word' id='word_1_113' title='bbox 1336 1722 1419 1782; x_wconf 82' lang='lat' dir='ltr'>Auch</span> <span class='ocrx_word' id='word_1_114' title='bbox 1442 1722 1525 1782; x_wconf 87' lang='lat' dir='ltr'>sollte</span> 
     </span>
     <span class='ocr_line' id='line_1_14' title="bbox 360 1810 1524 1901; baseline 0 -19"><span class='ocrx_word' id='word_1_115' title='bbox 360 1823 455 1883; x_wconf 89' lang='lat' dir='ltr'>michs</span> <span class='ocrx_word' id='word_1_116' title='bbox 476 1823 636 1894; x_wconf 87' lang='lat' dir='ltr'>wundern,</span> <span class='ocrx_word' id='word_1_117' title='bbox 660 1842 747 1885; x_wconf 90' lang='lat' dir='ltr'>wenu</span> <span class='ocrx_word' id='word_1_118' title='bbox 761 1823 873 1885; x_wconf 85' lang='lat' dir='ltr'>Homer</span> <span class='ocrx_word' id='word_1_119' title='bbox 895 1840 959 1901; x_wconf 81' lang='lat' dir='ltr'>gar</span> <span class='ocrx_word' id='word_1_120' title='bbox 981 1823 1069 1884; x_wconf 87' lang='lat' dir='ltr'>heine</span> <span class='ocrx_word' id='word_1_121' title='bbox 1091 1823 1182 1885; x_wconf 84' lang='lat' dir='ltr'>Form</span> <span class='ocrx_word' id='word_1_122' title='bbox 1204 1826 1254 1884; x_wconf 84' lang='lat' dir='ltr'>lirr</span> <span class='ocrx_word' id='word_1_123' title='bbox 1277 1810 1334 1884; x_wconf 83' lang='lat' dir='ltr'>deu</span> <span class='ocrx_word' id='word_1_124' title='bbox 1356 1823 1524 1884; x_wconf 73' lang='grc'><strong>1611116161-</strong></span> 
     </span>
     <span class='ocr_line' id='line_1_15' title="bbox 360 1921 1526 2006; baseline -0.001 -20"><span class='ocrx_word' id='word_1_125' title='bbox 360 1925 452 1986; x_wconf 89' lang='lat' dir='ltr'>scheu</span> <span class='ocrx_word' id='word_1_126' title='bbox 467 1924 583 2002; x_wconf 85' lang='lat' dir='ltr'>Begriil</span> <span class='ocrx_word' id='word_1_127' title='bbox 595 1921 748 2002; x_wconf 76' lang='grc' dir='ltr'>εὐηγενήε</span> <span class='ocrx_word' id='word_1_128' title='bbox 770 1924 880 2003; x_wconf 80' lang='lat' dir='ltr'>gehaht</span> <span class='ocrx_word' id='word_1_129' title='bbox 902 1925 1010 1986; x_wconf 79' lang='lat' dir='ltr'>hattet’</span> <span class='ocrx_word' id='word_1_130' title='bbox 1040 1927 1094 1987; x_wconf 85' lang='lat' dir='ltr'>Cui</span> <span class='ocrx_word' id='word_1_131' title='bbox 1118 1927 1360 2006; x_wconf 77' lang='lat' dir='ltr'>interpretationi</span> <span class='ocrx_word' id='word_1_132' title='bbox 1383 1933 1526 2005; x_wconf 88' lang='lat' dir='ltr'>quantum</span> 
     </span>
     <span class='ocr_line' id='line_1_16' title="bbox 359 2027 1525 2106; baseline -0.001 -18"><span class='ocrx_word' id='word_1_133' title='bbox 359 2030 424 2105; x_wconf 88' lang='lat' dir='ltr'>ipse</span> <span class='ocrx_word' id='word_1_134' title='bbox 447 2027 614 2102; x_wconf 77' lang='lat' dir='ltr'>diffideret,</span> <span class='ocrx_word' id='word_1_135' title='bbox 644 2045 712 2087; x_wconf 90' lang='lat' dir='ltr'>cum</span> <span class='ocrx_word' id='word_1_136' title='bbox 736 2027 836 2088; x_wconf 86' lang='lat' dir='ltr'>verbis</span> <span class='ocrx_word' id='word_1_137' title='bbox 858 2030 935 2097; x_wconf 79' lang='lat' dir='ltr'>suiS,</span> <span class='ocrx_word' id='word_1_138' title='bbox 965 2046 1040 2106; x_wconf 85' lang='lat' dir='ltr'>quae</span> <span class='ocrx_word' id='word_1_139' title='bbox 1062 2028 1261 2088; x_wconf 87' lang='lat' dir='ltr'>haesitantem</span> <span class='ocrx_word' id='word_1_140' title='bbox 1284 2030 1349 2089; x_wconf 91' lang='lat' dir='ltr'>eius</span> <span class='ocrx_word' id='word_1_141' title='bbox 1375 2035 1406 2088; x_wconf 90' lang='lat' dir='ltr'>ct</span> <span class='ocrx_word' id='word_1_142' title='bbox 1428 2030 1525 2088; x_wconf 90' lang='lat' dir='ltr'>incer-</span> 
     </span>
    </p>
   </div>
   <div class='ocr_carea' id='block_1_3' title="bbox 359 2129 1639 2311">
    <p class='ocr_par' dir='ltr' id='par_1_3' title="bbox 359 2129 1639 2311">
     <span class='ocr_line' id='line_1_17' title="bbox 360 2129 1639 2208; baseline 0 -19"><span class='ocrx_word' id='word_1_143' title='bbox 360 2139 423 2190; x_wconf 88' lang='lat' dir='ltr'>tum</span> <span class='ocrx_word' id='word_1_144' title='bbox 446 2129 579 2190; x_wconf 87' lang='lat' dir='ltr'>animum</span> <span class='ocrx_word' id='word_1_145' title='bbox 606 2130 677 2190; x_wconf 90' lang='lat' dir='ltr'>satis</span> <span class='ocrx_word' id='word_1_146' title='bbox 704 2135 843 2190; x_wconf 90' lang='lat' dir='ltr'>testatum</span> <span class='ocrx_word' id='word_1_147' title='bbox 870 2131 1000 2208; x_wconf 84' lang='lat' dir='ltr'>iaciunt,</span> <span class='ocrx_word' id='word_1_148' title='bbox 1028 2136 1091 2190; x_wconf 90' lang='lat' dir='ltr'>tum</span> <span class='ocrx_word' id='word_1_149' title='bbox 1112 2131 1359 2207; x_wconf 84' lang='lat' dir='ltr'>interrogationis</span> <span class='ocrx_word' id='word_1_150' title='bbox 1387 2132 1473 2207; x_wconf 84' lang='lat' dir='ltr'>siguo</span> <span class='ocrx_word' id='word_1_151' title='bbox 1494 2132 1525 2189; x_wconf 93' lang='lat' dir='ltr'>in</span> <span class='ocrx_word' id='word_1_152' title='bbox 1638 2148 1639 2205; x_wconf 57' lang='grc' dir='ltr'><em>ξ</em></span> 
     </span>
     <span class='ocr_line' id='line_1_18' title="bbox 359 2229 1639 2311; baseline -0.001 -20"><span class='ocrx_word' id='word_1_153' title='bbox 359 2232 459 2292; x_wconf 88' lang='lat' dir='ltr'>indice</span> <span class='ocrx_word' id='word_1_154' title='bbox 482 2231 553 2292; x_wconf 89' lang='lat' dir='ltr'>huic</span> <span class='ocrx_word' id='word_1_155' title='bbox 576 2232 641 2290; x_wconf 88' lang='lat' dir='ltr'>voci</span> <span class='ocrx_word' id='word_1_156' title='bbox 664 2229 861 2291; x_wconf 89' lang='lat' dir='ltr'>dubitationis</span> <span class='ocrx_word' id='word_1_157' title='bbox 883 2249 973 2291; x_wconf 89' lang='lat' dir='ltr'>causa</span> <span class='ocrx_word' id='word_1_158' title='bbox 995 2233 1130 2311; x_wconf 90' lang='lat' dir='ltr'>apposito</span> <span class='ocrx_word' id='word_1_159' title='bbox 1152 2240 1254 2310; x_wconf 91' lang='lat' dir='ltr'>aperte</span> <span class='ocrx_word' id='word_1_160' title='bbox 1278 2231 1447 2292; x_wconf 88' lang='lat' dir='ltr'>declaravit.</span> <span class='ocrx_word' id='word_1_161' title='bbox 1486 2234 1525 2292; x_wconf 76' lang='lat' dir='ltr'>dc</span> <span class='ocrx_word' id='word_1_162' title='bbox 1638 2240 1639 2249; x_wconf 57' lang='lat'>¹</span> 
     </span>
    </p>
   </div>
   <div class='ocr_carea' id='block_1_4' title="bbox 360 2329 1525 2607">
    <p class='ocr_par' dir='ltr' id='par_1_4' title="bbox 360 2329 1525 2607">
     <span class='ocr_line' id='line_1_19' title="bbox 361 2329 1525 2412; baseline 0.001 -20"><span class='ocrx_word' id='word_1_163' title='bbox 361 2334 498 2409; x_wconf 85' lang='lat' dir='ltr'>miranti,</span> <span class='ocrx_word' id='word_1_164' title='bbox 522 2331 600 2412; x_wconf 89' lang='lat' dir='ltr'>quod</span> <span class='ocrx_word' id='word_1_165' title='bbox 623 2334 649 2392; x_wconf 92' lang='lat' dir='ltr'>si</span> <span class='ocrx_word' id='word_1_166' title='bbox 671 2329 825 2409; x_wconf 66' lang='lat' dir='ltr'>etintendit</span> <span class='ocrx_word' id='word_1_167' title='bbox 848 2332 1056 2402; x_wconf 86' lang='lat' dir='ltr'>damnaretur,</span> <span class='ocrx_word' id='word_1_168' title='bbox 1085 2331 1166 2394; x_wconf 90' lang='lat' dir='ltr'>nullo</span> <span class='ocrx_word' id='word_1_169' title='bbox 1190 2333 1266 2411; x_wconf 89' lang='lat' dir='ltr'>apud</span> <span class='ocrx_word' id='word_1_170' title='bbox 1291 2334 1454 2394; x_wconf 87' lang='lat' dir='ltr'>Humerum</span> <span class='ocrx_word' id='word_1_171' title='bbox 1475 2353 1525 2393; x_wconf 87' lang='lat' dir='ltr'>vo-</span> 
     </span>
     <span class='ocr_line' id='line_1_20' title="bbox 360 2433 1524 2512; baseline 0.003 -19"><span class='ocrx_word' id='word_1_172' title='bbox 360 2433 466 2496; x_wconf 90' lang='lat' dir='ltr'>cabulo</span> <span class='ocrx_word' id='word_1_173' title='bbox 494 2434 552 2495; x_wconf 90' lang='lat' dir='ltr'>alio</span> <span class='ocrx_word' id='word_1_174' title='bbox 581 2435 801 2512; x_wconf 84' lang='lat' dir='ltr'>significaretur</span> <span class='ocrx_word' id='word_1_175' title='bbox 826 2436 1037 2508; x_wconf 70' lang='lat' dir='ltr'>peperceratis</span> <span class='ocrx_word' id='word_1_176' title='bbox 1064 2437 1147 2495; x_wconf 88' lang='lat' dir='ltr'>notio</span> <span class='ocrx_word' id='word_1_177' title='bbox 1175 2438 1266 2496; x_wconf 89' lang='lat' dir='ltr'>aetati</span> <span class='ocrx_word' id='word_1_178' title='bbox 1293 2435 1432 2496; x_wconf 89' lang='lat' dir='ltr'>heroicae</span> <span class='ocrx_word' id='word_1_179' title='bbox 1455 2452 1524 2496; x_wconf 89' lang='lat' dir='ltr'>con·</span> 
     </span>
     <span class='ocr_line' id='line_1_21' title="bbox 360 2534 1524 2607; baseline 0.003 -12"><span class='ocrx_word' id='word_1_180' title='bbox 360 2538 606 2605; x_wconf 87' lang='lat' dir='ltr'>venientissima,</span> <span class='ocrx_word' id='word_1_181' title='bbox 645 2539 711 2596; x_wconf 93' lang='lat' dir='ltr'>iure</span> <span class='ocrx_word' id='word_1_182' title='bbox 750 2537 778 2596; x_wconf 88' lang='lat' dir='ltr'>ei</span> <span class='ocrx_word' id='word_1_183' title='bbox 818 2534 939 2596; x_wconf 90' lang='lat' dir='ltr'>obicere</span> <span class='ocrx_word' id='word_1_184' title='bbox 981 2536 1067 2605; x_wconf 89' lang='lat' dir='ltr'>licet,</span> <span class='ocrx_word' id='word_1_185' title='bbox 1106 2554 1164 2596; x_wconf 89' lang='lat' dir='ltr'>non</span> <span class='ocrx_word' id='word_1_186' title='bbox 1201 2539 1316 2607; x_wconf 91' lang='lat' dir='ltr'>minus,</span> <span class='ocrx_word' id='word_1_187' title='bbox 1350 2538 1402 2597; x_wconf 87' lang='lat' dir='ltr'>sed</span> <span class='ocrx_word' id='word_1_188' title='bbox 1435 2540 1524 2598; x_wconf 90' lang='lat' dir='ltr'>etiam</span> 
     </span>
    </p>
   </div>
   <div class='ocr_carea' id='block_1_5' title="bbox 359 2635 1638 2833">
    <p class='ocr_par' dir='ltr' id='par_1_5' title="bbox 359 2635 1638 2833">
     <span class='ocr_line' id='line_1_22' title="bbox 360 2635 1638 2719; baseline 0.002 -21"><span class='ocrx_word' id='word_1_189' title='bbox 360 2635 453 2699; x_wconf 93' lang='lat' dir='ltr'>multo</span> <span class='ocrx_word' id='word_1_190' title='bbox 475 2639 571 2715; x_wconf 84' lang='lat' dir='ltr'>magis</span> <span class='ocrx_word' id='word_1_191' title='bbox 592 2639 702 2698; x_wconf 85' lang='lat' dir='ltr'>mirum</span> <span class='ocrx_word' id='word_1_192' title='bbox 724 2656 805 2712; x_wconf 87' lang='lat' dir='ltr'>esse,</span> <span class='ocrx_word' id='word_1_193' title='bbox 828 2638 907 2716; x_wconf 90' lang='lat' dir='ltr'>quod</span> <span class='ocrx_word' id='word_1_194' title='bbox 922 2638 979 2698; x_wconf 88' lang='lat' dir='ltr'>hoc</span> <span class='ocrx_word' id='word_1_195' title='bbox 1000 2638 1152 2715; x_wconf 89' lang='lat' dir='ltr'>epitheton</span> <span class='ocrx_word' id='word_1_196' title='bbox 1174 2640 1205 2698; x_wconf 93' lang='lat' dir='ltr'>in</span> <span class='ocrx_word' id='word_1_197' title='bbox 1222 2639 1353 2719; x_wconf 82' lang='lat' dir='ltr'>Odyssea</span> <span class='ocrx_word' id='word_1_198' title='bbox 1368 2658 1523 2719; x_wconf 88' lang='lat' dir='ltr'>nusquam,</span> <span class='ocrx_word' id='word_1_199' title='bbox 1637 2702 1638 2709; x_wconf 64' lang='grc'><strong>,</strong></span> 
     </span>
     <span class='ocr_line' id='line_1_23' title="bbox 359 2738 1638 2833; baseline 0.002 -32"><span class='ocrx_word' id='word_1_200' title='bbox 359 2743 391 2801; x_wconf 92' lang='lat' dir='ltr'>in</span> <span class='ocrx_word' id='word_1_201' title='bbox 414 2739 506 2800; x_wconf 90' lang='lat' dir='ltr'>lliade</span> <span class='ocrx_word' id='word_1_202' title='bbox 534 2758 593 2800; x_wconf 92' lang='lat' dir='ltr'>non</span> <span class='ocrx_word' id='word_1_203' title='bbox 622 2741 742 2817; x_wconf 88' lang='lat' dir='ltr'>saepius</span> <span class='ocrx_word' id='word_1_204' title='bbox 768 2758 857 2818; x_wconf 89' lang='lat' dir='ltr'>quam</span> <span class='ocrx_word' id='word_1_205' title='bbox 886 2738 1003 2800; x_wconf 91' lang='lat' dir='ltr'>duobus</span> <span class='ocrx_word' id='word_1_206' title='bbox 1030 2739 1103 2800; x_wconf 88' lang='lat' dir='ltr'>locis</span> <span class='ocrx_word' id='word_1_207' title='bbox 1129 2742 1314 2810; x_wconf 88' lang='lat' dir='ltr'>inveniatur,</span> <span class='ocrx_word' id='word_1_208' title='bbox 1343 2760 1411 2804; x_wconf 90' lang='lat' dir='ltr'>cum</span> <span class='ocrx_word' id='word_1_209' title='bbox 1440 2746 1524 2821; x_wconf 85' lang='lat' dir='ltr'>quot·</span> <span class='ocrx_word' id='word_1_210' title='bbox 1637 2812 1638 2833; x_wconf 40' lang='lat'>,</span> 
     </span>
    </p>
   </div>
   <div class='ocr_carea' id='block_1_6' title="bbox 359 2839 1525 3327">
    <p class='ocr_par' dir='ltr' id='par_1_6' title="bbox 359 2839 1525 3327">
     <span class='ocr_line' id='line_1_24' title="bbox 359 2839 1525 2921; baseline 0.001 -19"><span class='ocrx_word' id='word_1_211' title='bbox 359 2849 433 2921; x_wconf 89' lang='lat' dir='ltr'>quot</span> <span class='ocrx_word' id='word_1_212' title='bbox 454 2841 562 2900; x_wconf 92' lang='lat' dir='ltr'>heroes</span> <span class='ocrx_word' id='word_1_213' title='bbox 583 2843 758 2902; x_wconf 91' lang='lat' dir='ltr'>nominatim</span> <span class='ocrx_word' id='word_1_214' title='bbox 780 2839 818 2902; x_wconf 85' lang='lat' dir='ltr'>ab</span> <span class='ocrx_word' id='word_1_215' title='bbox 832 2841 961 2913; x_wconf 85' lang='lat' dir='ltr'>llomero</span> <span class='ocrx_word' id='word_1_216' title='bbox 983 2850 1267 2912; x_wconf 88' lang='lat' dir='ltr'>commemorentur,</span> <span class='ocrx_word' id='word_1_217' title='bbox 1291 2844 1313 2903; x_wconf 92' lang='lat' dir='ltr'>ii</span> <span class='ocrx_word' id='word_1_218' title='bbox 1336 2845 1400 2904; x_wconf 88' lang='lat' dir='ltr'>lere</span> <span class='ocrx_word' id='word_1_219' title='bbox 1423 2863 1525 2905; x_wconf 90' lang='lat' dir='ltr'>omnes</span> 
     </span>
     <span class='ocr_line' id='line_1_25' title="bbox 360 2941 1524 3023; baseline 0.003 -20"><span class='ocrx_word' id='word_1_220' title='bbox 360 2941 455 3003; x_wconf 90' lang='lat' dir='ltr'>nobili</span> <span class='ocrx_word' id='word_1_221' title='bbox 477 2942 542 3003; x_wconf 89' lang='lat' dir='ltr'>loco</span> <span class='ocrx_word' id='word_1_222' title='bbox 565 2946 628 3004; x_wconf 91' lang='lat' dir='ltr'>nati</span> <span class='ocrx_word' id='word_1_223' title='bbox 646 2945 712 3005; x_wconf 90' lang='lat' dir='ltr'>sint</span> <span class='ocrx_word' id='word_1_224' title='bbox 740 2953 771 3005; x_wconf 88' lang='lat' dir='ltr'>et</span> <span class='ocrx_word' id='word_1_225' title='bbox 797 2944 853 3004; x_wconf 90' lang='lat' dir='ltr'>hac</span> <span class='ocrx_word' id='word_1_226' title='bbox 880 2946 1001 3022; x_wconf 84' lang='lat' dir='ltr'>generis</span> <span class='ocrx_word' id='word_1_227' title='bbox 1023 2943 1178 3005; x_wconf 88' lang='lat' dir='ltr'>nobilitate</span> <span class='ocrx_word' id='word_1_228' title='bbox 1201 2944 1280 3005; x_wconf 92' lang='lat' dir='ltr'>haud</span> <span class='ocrx_word' id='word_1_229' title='bbox 1303 2962 1372 3005; x_wconf 91' lang='lat' dir='ltr'>raro</span> <span class='ocrx_word' id='word_1_230' title='bbox 1395 2946 1524 3023; x_wconf 84' lang='lat' dir='ltr'>glorien-</span> 
     </span>
     <span class='ocr_line' id='line_1_26' title="bbox 359 3044 1524 3124; baseline 0.002 -18"><span class='ocrx_word' id='word_1_231' title='bbox 359 3054 418 3106; x_wconf 92' lang='lat' dir='ltr'>tur.</span> <span class='ocrx_word' id='word_1_232' title='bbox 443 3044 500 3105; x_wconf 89' lang='lat' dir='ltr'>Sed</span> <span class='ocrx_word' id='word_1_233' title='bbox 523 3045 554 3106; x_wconf 93' lang='lat' dir='ltr'>id</span> <span class='ocrx_word' id='word_1_234' title='bbox 577 3048 676 3124; x_wconf 91' lang='lat' dir='ltr'>ipsum</span> <span class='ocrx_word' id='word_1_235' title='bbox 703 3046 822 3107; x_wconf 85' lang='lat' dir='ltr'>videtur</span> <span class='ocrx_word' id='word_1_236' title='bbox 849 3049 880 3106; x_wconf 92' lang='lat' dir='ltr'>in</span> <span class='ocrx_word' id='word_1_237' title='bbox 904 3064 991 3106; x_wconf 91' lang='lat' dir='ltr'>causa</span> <span class='ocrx_word' id='word_1_238' title='bbox 1015 3064 1096 3115; x_wconf 90' lang='lat' dir='ltr'>esse,</span> <span class='ocrx_word' id='word_1_239' title='bbox 1125 3064 1179 3120; x_wconf 84' lang='lat' dir='ltr'>cur</span> <span class='ocrx_word' id='word_1_240' title='bbox 1200 3045 1348 3106; x_wconf 86' lang='lat' dir='ltr'>Homerus</span> <span class='ocrx_word' id='word_1_241' title='bbox 1374 3045 1451 3108; x_wconf 91' lang='lat' dir='ltr'>hanc</span> <span class='ocrx_word' id='word_1_242' title='bbox 1473 3066 1524 3107; x_wconf 91' lang='lat' dir='ltr'>no·</span> 
     </span>
     <span class='ocr_line' id='line_1_27' title="bbox 361 3144 1525 3227; baseline 0.001 -20"><span class='ocrx_word' id='word_1_243' title='bbox 361 3149 472 3208; x_wconf 89' lang='lat' dir='ltr'>tionem</span> <span class='ocrx_word' id='word_1_244' title='bbox 493 3164 554 3207; x_wconf 89' lang='lat' dir='ltr'>non</span> <span class='ocrx_word' id='word_1_245' title='bbox 576 3149 726 3224; x_wconf 85' lang='lat' dir='ltr'>significet</span> <span class='ocrx_word' id='word_1_246' title='bbox 748 3148 893 3208; x_wconf 84' lang='lat' dir='ltr'>adiectivo</span> <span class='ocrx_word' id='word_1_247' title='bbox 925 3148 976 3209; x_wconf 90' lang='lat' dir='ltr'>illo</span> <span class='ocrx_word' id='word_1_248' title='bbox 999 3144 1154 3225; x_wconf 69' lang='lat' dir='ltr'>adureret(</span> <span class='ocrx_word' id='word_1_249' title='bbox 1161 3194 1171 3227; x_wconf 93' lang='grc'><strong>,</strong></span> <span class='ocrx_word' id='word_1_250' title='bbox 1198 3148 1280 3227; x_wconf 92' lang='lat' dir='ltr'>quod</span> <span class='ocrx_word' id='word_1_251' title='bbox 1309 3150 1381 3210; x_wconf 90' lang='lat' dir='ltr'>satis</span> <span class='ocrx_word' id='word_1_252' title='bbox 1409 3149 1525 3209; x_wconf 83' lang='lat' dir='ltr'>leveel</span> 
     </span>
     <span class='ocr_line' id='line_1_28' title="bbox 359 3248 1524 3327; baseline 0.001 -17"><span class='ocrx_word' id='word_1_253' title='bbox 359 3249 532 3327; x_wconf 83' lang='lat' dir='ltr'>languidum</span> <span class='ocrx_word' id='word_1_254' title='bbox 553 3249 583 3308; x_wconf 88' lang='lat' dir='ltr'>ei</span> <span class='ocrx_word' id='word_1_255' title='bbox 604 3250 635 3308; x_wconf 94' lang='lat' dir='ltr'>iu</span> <span class='ocrx_word' id='word_1_256' title='bbox 658 3248 713 3308; x_wconf 92' lang='lat' dir='ltr'>hac</span> <span class='ocrx_word' id='word_1_257' title='bbox 734 3268 769 3308; x_wconf 90' lang='lat' dir='ltr'>re</span> <span class='ocrx_word' id='word_1_258' title='bbox 797 3250 893 3310; x_wconf 88' lang='lat' dir='ltr'>videri</span> <span class='ocrx_word' id='word_1_259' title='bbox 915 3248 1035 3310; x_wconf 88' lang='lat' dir='ltr'>debuit:</span> <span class='ocrx_word' id='word_1_260' title='bbox 1062 3269 1132 3310; x_wconf 92' lang='lat' dir='ltr'>nam</span> <span class='ocrx_word' id='word_1_261' title='bbox 1160 3248 1211 3309; x_wconf 93' lang='lat' dir='ltr'>uhi</span> <span class='ocrx_word' id='word_1_262' title='bbox 1239 3252 1359 3327; x_wconf 85' lang='lat' dir='ltr'>generis</span> <span class='ocrx_word' id='word_1_263' title='bbox 1387 3250 1524 3312; x_wconf 92' lang='lat' dir='ltr'>nohilita-</span> 
     </span>
    </p>
   </div>
   <div class='ocr_carea' id='block_1_7' title="bbox 358 3349 1637 3445">
    <p class='ocr_par' dir='ltr' id='par_1_7' title="bbox 358 3349 1637 3445">
     <span class='ocr_line' id='line_1_29' title="bbox 358 3349 1637 3445; baseline 0.002 -34"><span class='ocrx_word' id='word_1_264' title='bbox 358 3359 418 3412; x_wconf 87' lang='lat' dir='ltr'>tem</span> <span class='ocrx_word' id='word_1_265' title='bbox 440 3351 585 3431; x_wconf 84' lang='lat' dir='ltr'>peculiari</span> <span class='ocrx_word' id='word_1_266' title='bbox 608 3349 758 3412; x_wconf 87' lang='lat' dir='ltr'>locutione</span> <span class='ocrx_word' id='word_1_267' title='bbox 780 3350 931 3429; x_wconf 83' lang='lat' dir='ltr'>designat,</span> <span class='ocrx_word' id='word_1_268' title='bbox 957 3350 1098 3429; x_wconf 88' lang='lat' dir='ltr'>epithetis</span> <span class='ocrx_word' id='word_1_269' title='bbox 1120 3350 1267 3426; x_wconf 71' lang='lat' dir='ltr'>morevile</span> <span class='ocrx_word' id='word_1_270' title='bbox 1295 3361 1325 3412; x_wconf 87' lang='grc'>61</span> <span class='ocrx_word' id='word_1_271' title='bbox 1352 3350 1526 3431; x_wconf 78' lang='grc' dir='ltr'>διοτρεφή(</span> <span class='ocrx_word' id='word_1_272' title='bbox 1636 3422 1637 3445; x_wconf 19' lang='lat'>³</span> 
     </span>
    </p>
   </div>
   <div class='ocr_carea' id='block_1_8' title="bbox 358 3618 1528 4442">
    <p class='ocr_par' dir='ltr' id='par_1_8' title="bbox 358 3618 1528 4442">
     <span class='ocr_line' id='line_1_30' title="bbox 360 3618 1525 3687; baseline 0.001 -14"><span class='ocrx_word' id='word_1_273' title='bbox 360 3619 420 3673; x_wconf 86' lang='lat' dir='ltr'>crit.</span> <span class='ocrx_word' id='word_1_274' title='bbox 439 3624 481 3685; x_wconf 81' lang='lat'>27,</span> <span class='ocrx_word' id='word_1_275' title='bbox 502 3624 534 3671; x_wconf 82' lang='grc'>41</span> <span class='ocrx_word' id='word_1_276' title='bbox 564 3618 647 3686; x_wconf 85' lang='lat' dir='ltr'>[adde</span> <span class='ocrx_word' id='word_1_277' title='bbox 674 3618 760 3674; x_wconf 87' lang='lat' dir='ltr'>etiam</span> <span class='ocrx_word' id='word_1_278' title='bbox 781 3621 803 3672; x_wconf 93' lang='grc' dir='ltr'>Λ</span> <span class='ocrx_word' id='word_1_279' title='bbox 825 3624 884 3672; x_wconf 80' lang='grc'>427.</span> <span class='ocrx_word' id='word_1_280' title='bbox 909 3618 1005 3687; x_wconf 82' lang='lat' dir='ltr'>hymn.</span> <span class='ocrx_word' id='word_1_281' title='bbox 1034 3618 1102 3673; x_wconf 89' lang='lat' dir='ltr'>Ven.</span> <span class='ocrx_word' id='word_1_282' title='bbox 1125 3624 1184 3673; x_wconf 89' lang='lat'>230.</span> <span class='ocrx_word' id='word_1_283' title='bbox 1203 3618 1336 3687; x_wconf 84' lang='lat' dir='ltr'>Marcell.</span> <span class='ocrx_word' id='word_1_284' title='bbox 1362 3619 1439 3673; x_wconf 86' lang='lat' dir='ltr'>auth.</span> <span class='ocrx_word' id='word_1_285' title='bbox 1465 3619 1525 3676; x_wconf 85' lang='lat' dir='ltr'>Pal.</span> 
     </span>
     <span class='ocr_line' id='line_1_31' title="bbox 359 3703 1526 3776; baseline -0.002 -18"><span class='ocrx_word' id='word_1_286' title='bbox 359 3722 424 3776; x_wconf 88' lang='lat' dir='ltr'>app.</span> <span class='ocrx_word' id='word_1_287' title='bbox 448 3709 489 3770; x_wconf 79' lang='lat'>51,</span> <span class='ocrx_word' id='word_1_288' title='bbox 518 3706 559 3772; x_wconf 83' lang='lat'>29]</span> <span class='ocrx_word' id='word_1_289' title='bbox 584 3704 749 3773; x_wconf 84' lang='lat' dir='ltr'>propagarit</span> <span class='ocrx_word' id='word_1_290' title='bbox 774 3705 802 3757; x_wconf 92' lang='lat' dir='ltr'>et</span> <span class='ocrx_word' id='word_1_291' title='bbox 824 3703 1000 3773; x_wconf 83' lang='lat' dir='ltr'>grammatici</span> <span class='ocrx_word' id='word_1_292' title='bbox 1021 3703 1175 3757; x_wconf 82' lang='lat' dir='ltr'>identidem</span> <span class='ocrx_word' id='word_1_293' title='bbox 1197 3703 1316 3758; x_wconf 82' lang='lat' dir='ltr'>offerant</span> <span class='ocrx_word' id='word_1_294' title='bbox 1339 3704 1442 3772; x_wconf 88' lang='lat' dir='ltr'>(Apoll.</span> <span class='ocrx_word' id='word_1_295' title='bbox 1459 3704 1526 3758; x_wconf 83' lang='lat' dir='ltr'>Lex.</span> 
     </span>
     <span class='ocr_line' id='line_1_32' title="bbox 359 3788 1526 3859; baseline -0.002 -15"><span class='ocrx_word' id='word_1_296' title='bbox 359 3790 393 3844; x_wconf 90' lang='lat' dir='ltr'>H.</span> <span class='ocrx_word' id='word_1_297' title='bbox 411 3808 438 3859; x_wconf 92' lang='lat' dir='ltr'>p.</span> <span class='ocrx_word' id='word_1_298' title='bbox 457 3795 519 3855; x_wconf 84' lang='lat'>309,</span> <span class='ocrx_word' id='word_1_299' title='bbox 537 3788 671 3856; x_wconf 71' lang='lat' dir='ltr'>Harpen,</span> <span class='ocrx_word' id='word_1_300' title='bbox 694 3788 738 3842; x_wconf 86' lang='lat' dir='ltr'>Et.</span> <span class='ocrx_word' id='word_1_301' title='bbox 761 3788 855 3857; x_wconf 87' lang='lat' dir='ltr'>Magn.</span> <span class='ocrx_word' id='word_1_302' title='bbox 874 3807 901 3858; x_wconf 89' lang='lat' dir='ltr'>p.</span> <span class='ocrx_word' id='word_1_303' title='bbox 920 3795 978 3855; x_wconf 82' lang='grc'><strong>390,</strong></span> <span class='ocrx_word' id='word_1_304' title='bbox 996 3794 1037 3843; x_wconf 86' lang='grc'>34,</span> <span class='ocrx_word' id='word_1_305' title='bbox 1056 3795 1114 3856; x_wconf 88' lang='grc'>422,</span> <span class='ocrx_word' id='word_1_306' title='bbox 1133 3794 1174 3841; x_wconf 84' lang='grc'>15,</span> <span class='ocrx_word' id='word_1_307' title='bbox 1204 3788 1330 3846; x_wconf 77' lang='lat' dir='ltr'>Eustath.</span> <span class='ocrx_word' id='word_1_308' title='bbox 1355 3806 1382 3857; x_wconf 92' lang='lat' dir='ltr'>p.</span> <span class='ocrx_word' id='word_1_309' title='bbox 1401 3794 1466 3855; x_wconf 85' lang='lat'>854,</span> <span class='ocrx_word' id='word_1_310' title='bbox 1485 3795 1526 3842; x_wconf 88' lang='grc'>61.</span> 
     </span>
     <span class='ocr_line' id='line_1_33' title="bbox 360 3871 1528 3943; baseline -0.001 -15"><span class='ocrx_word' id='word_1_311' title='bbox 360 3880 435 3940; x_wconf 90' lang='grc'><strong>1288,</strong></span> <span class='ocrx_word' id='word_1_312' title='bbox 453 3876 510 3943; x_wconf 81' lang='grc'>62),</span> <span class='ocrx_word' id='word_1_313' title='bbox 530 3873 627 3926; x_wconf 88' lang='lat' dir='ltr'>dubito</span> <span class='ocrx_word' id='word_1_314' title='bbox 645 3874 753 3940; x_wconf 85' lang='lat' dir='ltr'>tamen,</span> <span class='ocrx_word' id='word_1_315' title='bbox 770 3890 838 3925; x_wconf 90' lang='lat' dir='ltr'>num</span> <span class='ocrx_word' id='word_1_316' title='bbox 855 3873 931 3927; x_wconf 85' lang='lat' dir='ltr'>recte</span> <span class='ocrx_word' id='word_1_317' title='bbox 947 3873 1070 3927; x_wconf 80' lang='lat' dir='ltr'>formata</span> <span class='ocrx_word' id='word_1_318' title='bbox 1087 3873 1135 3939; x_wconf 79' lang='lat' dir='ltr'>sit3</span> <span class='ocrx_word' id='word_1_319' title='bbox 1154 3871 1291 3939; x_wconf 86' lang='lat' dir='ltr'>siquidem</span> <span class='ocrx_word' id='word_1_320' title='bbox 1306 3872 1427 3927; x_wconf 83' lang='lat' dir='ltr'>insolens</span> <span class='ocrx_word' id='word_1_321' title='bbox 1445 3889 1528 3927; x_wconf 86' lang='lat' dir='ltr'>voca-</span> 
     </span>
     <span class='ocr_line' id='line_1_34' title="bbox 359 3957 1527 4028; baseline -0.001 -17"><span class='ocrx_word' id='word_1_322' title='bbox 359 3958 393 4014; x_wconf 83' lang='lat' dir='ltr'>lis</span> <span class='ocrx_word' id='word_1_323' title='bbox 417 3978 434 4027; x_wconf 87' lang='grc' dir='ltr'>η</span> <span class='ocrx_word' id='word_1_324' title='bbox 461 3960 661 4026; x_wconf 65' lang='lat' dir='ltr'>popinarum</span> <span class='ocrx_word' id='word_1_325' title='bbox 688 3958 821 4028; x_wconf 87' lang='lat' dir='ltr'>exemplis</span> <span class='ocrx_word' id='word_1_326' title='bbox 850 3957 983 4011; x_wconf 84' lang='lat' dir='ltr'>Lobeckii</span> <span class='ocrx_word' id='word_1_327' title='bbox 1008 3958 1037 4010; x_wconf 89' lang='lat' dir='ltr'>in</span> <span class='ocrx_word' id='word_1_328' title='bbox 1063 3957 1166 4026; x_wconf 86' lang='lat' dir='ltr'>Phryn.</span> <span class='ocrx_word' id='word_1_329' title='bbox 1194 3975 1222 4026; x_wconf 90' lang='lat' dir='ltr'>p.</span> <span class='ocrx_word' id='word_1_330' title='bbox 1245 3964 1294 4012; x_wconf 83' lang='grc'>699</span> <span class='ocrx_word' id='word_1_331' title='bbox 1316 3974 1372 4011; x_wconf 90' lang='lat' dir='ltr'>non</span> <span class='ocrx_word' id='word_1_332' title='bbox 1394 3958 1527 4023; x_wconf 87' lang='lat' dir='ltr'>munitur,</span> 
     </span>
     <span class='ocr_line' id='line_1_35' title="bbox 359 4041 1528 4111; baseline -0.002 -14"><span class='ocrx_word' id='word_1_333' title='bbox 359 4061 445 4097; x_wconf 89' lang='lat' dir='ltr'>unum</span> <span class='ocrx_word' id='word_1_334' title='bbox 463 4045 569 4109; x_wconf 85' lang='lat' dir='ltr'>autem,</span> <span class='ocrx_word' id='word_1_335' title='bbox 588 4042 664 4110; x_wconf 88' lang='lat' dir='ltr'>quod</span> <span class='ocrx_word' id='word_1_336' title='bbox 682 4041 833 4111; x_wconf 87' lang='lat' dir='ltr'>genuinum</span> <span class='ocrx_word' id='word_1_337' title='bbox 850 4044 935 4110; x_wconf 83' lang='lat' dir='ltr'>foret,</span> <span class='ocrx_word' id='word_1_338' title='bbox 959 4044 1102 4111; x_wconf 76' lang='grc' dir='ltr'>εὐηπελήε</span> <span class='ocrx_word' id='word_1_339' title='bbox 1121 4042 1286 4097; x_wconf 87' lang='lat' dir='ltr'>destitutum</span> <span class='ocrx_word' id='word_1_340' title='bbox 1302 4041 1413 4097; x_wconf 84' lang='lat' dir='ltr'>videtur</span> <span class='ocrx_word' id='word_1_341' title='bbox 1431 4045 1528 4097; x_wconf 85' lang='lat' dir='ltr'>aucto-</span> 
     </span>
     <span class='ocr_line' id='line_1_36' title="bbox 359 4126 1528 4196; baseline -0.003 -13"><span class='ocrx_word' id='word_1_342' title='bbox 359 4129 444 4183; x_wconf 87' lang='lat' dir='ltr'>ritate</span> <span class='ocrx_word' id='word_1_343' title='bbox 461 4128 571 4183; x_wconf 85' lang='lat' dir='ltr'>idonea.</span> <span class='ocrx_word' id='word_1_344' title='bbox 607 4127 711 4182; x_wconf 80' lang='lat' dir='ltr'>Contra</span> <span class='ocrx_word' id='word_1_345' title='bbox 734 4128 877 4196; x_wconf 78' lang='grc' dir='ltr'>εὐηφενή(</span> <span class='ocrx_word' id='word_1_346' title='bbox 900 4128 936 4182; x_wconf 89' lang='lat' dir='ltr'>ab</span> <span class='ocrx_word' id='word_1_347' title='bbox 956 4129 987 4182; x_wconf 79' lang='grc' dir='ltr'>εὖ</span> <span class='ocrx_word' id='word_1_348' title='bbox 1011 4129 1040 4181; x_wconf 84' lang='grc'>61</span> <span class='ocrx_word' id='word_1_349' title='bbox 1060 4128 1167 4194; x_wconf 72' lang='grc' dir='ltr'>ἄφενος</span> <span class='ocrx_word' id='word_1_350' title='bbox 1190 4128 1358 4182; x_wconf 87' lang='lat' dir='ltr'>descendens</span> <span class='ocrx_word' id='word_1_351' title='bbox 1383 4126 1528 4182; x_wconf 80' lang='lat' dir='ltr'>stabilitur</span> 
     </span>
     <span class='ocr_line' id='line_1_37' title="bbox 358 4211 1528 4281; baseline -0.003 -12"><span class='ocrx_word' id='word_1_352' title='bbox 358 4232 401 4269; x_wconf 86' lang='lat' dir='ltr'>vv.</span> <span class='ocrx_word' id='word_1_353' title='bbox 421 4215 534 4281; x_wconf 84' lang='grc' dir='ltr'>εὐήνωρ</span> <span class='ocrx_word' id='word_1_354' title='bbox 552 4216 582 4268; x_wconf 85' lang='lat' dir='ltr'>et</span> <span class='ocrx_word' id='word_1_355' title='bbox 600 4214 712 4281; x_wconf 81' lang='grc' dir='ltr'><strong>εὐήκηε.</strong></span> <span class='ocrx_word' id='word_1_356' title='bbox 749 4211 942 4265; x_wconf 80' lang='lat' dir='ltr'>Commeatum</span> <span class='ocrx_word' id='word_1_357' title='bbox 954 4211 1077 4277; x_wconf 62' lang='lat' dir='ltr'>Leontii,</span> <span class='ocrx_word' id='word_1_358' title='bbox 1096 4212 1188 4278; x_wconf 85' lang='lat' dir='ltr'>quiin</span> <span class='ocrx_word' id='word_1_359' title='bbox 1207 4212 1288 4266; x_wconf 86' lang='lat' dir='ltr'>titulo</span> <span class='ocrx_word' id='word_1_360' title='bbox 1306 4212 1407 4266; x_wconf 89' lang='lat' dir='ltr'>Lesbio</span> <span class='ocrx_word' id='word_1_361' title='bbox 1426 4213 1528 4279; x_wconf 83' lang='grc' dir='ltr'>Εὐαγέ-</span> 
     </span>
     <span class='ocr_line' id='line_1_38' title="bbox 359 4296 1527 4368; baseline -0.001 -17"><span class='ocrx_word' id='word_1_362' title='bbox 359 4316 411 4367; x_wconf 78' lang='grc' dir='ltr'>νη(</span> <span class='ocrx_word' id='word_1_363' title='bbox 427 4314 530 4352; x_wconf 89' lang='lat' dir='ltr'>nomen</span> <span class='ocrx_word' id='word_1_364' title='bbox 547 4297 646 4367; x_wconf 87' lang='lat' dir='ltr'>reponi</span> <span class='ocrx_word' id='word_1_365' title='bbox 667 4297 782 4353; x_wconf 85' lang='lat' dir='ltr'>volebat</span> <span class='ocrx_word' id='word_1_366' title='bbox 804 4298 925 4366; x_wconf 82' lang='lat' dir='ltr'>(Ahrens</span> <span class='ocrx_word' id='word_1_367' title='bbox 943 4297 977 4351; x_wconf 90' lang='lat' dir='ltr'>de</span> <span class='ocrx_word' id='word_1_368' title='bbox 995 4296 1067 4352; x_wconf 86' lang='lat' dir='ltr'>Dial.</span> <span class='ocrx_word' id='word_1_369' title='bbox 1086 4296 1184 4351; x_wconf 87' lang='lat' dir='ltr'>Graec.</span> <span class='ocrx_word' id='word_1_370' title='bbox 1203 4298 1228 4350; x_wconf 91' lang='lat' dir='ltr'>II</span> <span class='ocrx_word' id='word_1_371' title='bbox 1252 4318 1277 4368; x_wconf 90' lang='lat' dir='ltr'>p.</span> <span class='ocrx_word' id='word_1_372' title='bbox 1295 4304 1345 4352; x_wconf 82' lang='grc'>498</span> <span class='ocrx_word' id='word_1_373' title='bbox 1363 4300 1416 4366; x_wconf 81' lang='lat' dir='ltr'>sq.)</span> <span class='ocrx_word' id='word_1_374' title='bbox 1438 4297 1527 4352; x_wconf 84' lang='lat' dir='ltr'>verbo</span> 
     </span>
     <span class='ocr_line' id='line_1_39' title="bbox 358 4382 681 4442; baseline 0.006 -8"><span class='ocrx_word' id='word_1_375' title='bbox 358 4399 527 4438; x_wconf 83' lang='lat' dir='ltr'>memorasse</span> <span class='ocrx_word' id='word_1_376' title='bbox 545 4382 681 4442; x_wconf 63' lang='lat' dir='ltr'>sufficiet)</span> 
     </span>
    </p>
   </div>
   <div class='ocr_carea' id='block_1_9' title="bbox 1540 4508 1545 4513">
    <p class='ocr_par' dir='ltr' id='par_1_9' title="bbox 1540 3924 1636 4513">
     <span class='ocr_line' id='line_1_40' title="bbox 1540 4508 1545 4513; baseline 0 -97"><span class='ocrx_word' id='word_1_377' title='bbox 1540 4508 1545 4513; x_wconf 0' lang='lat' dir='ltr'> </span> 
     </span>
    </p>
   </div>
   <div class='ocr_carea' id='block_1_10' title="bbox 0 0 1660 5226">
    <p class='ocr_par' dir='ltr' id='par_1_10' title="bbox 0 0 1660 5226">
     <span class='ocr_line' id='line_1_41' title="bbox 0 0 1660 5226; baseline 0 0"><span class='ocrx_word' id='word_1_378' title='bbox 0 0 1660 5226; x_wconf 95' lang='lat' dir='ltr'> </span> 
     </span>
    </p>
   </div>
  </div>
 </body>
</html>
