3312 5226
707 362 798 459 sa-

137 559 252 612 nactus
274 551 345 630 est),
370 556 395 613 si
419 554 502 631 quis,
526 559 559 612 ut
581 553 695 624 Vlixes,
726 574 741 614 a
764 572 835 633 rege
859 553 991 631 benigno
1013 554 1144 634 hospitio
1166 557 1315 636 excipitur

138 652 341 733 (ἑκομίεεατο
363 652 453 733 316),
477 654 514 715 ah
538 657 603 731 ipso
625 657 707 733 regis
728 656 788 716 filia
810 674 900 715 manu
923 655 1095 716 sublevatus
1117 656 1236 717 domum
1260 658 1313 718 du·

136 758 241 825 citur,
265 759 454 818 vestimentis
477 757 619 825 donatur,
643 757 679 816 ad
703 758 793 817 alium
818 757 947 833 denique
975 774 1077 835 regem
1101 776 1167 818 cum
1191 776 1261 819 cura
1285 769 1314 820 et

136 857 301 936 diligentia
324 861 451 919 mittitur
476 857 609 938 (πέμψαι
631 855 789 921 ἐνδυκέως
811 878 837 919 v.
853 855 945 938 aaut
969 858 1080 919 Saltem
1103 857 1147 923 ωε
1168 862 1314 939 particula

137 960 302 1020 adicienda
325 968 407 1021 erat:
431 962 529 1040 ‘quasi
553 956 708 1035 dnordvnc
730 963 832 1021 esset'.
856 960 948 1020 Multo
976 968 1109 1040 praestat
1131 963 1164 1023 G.
1189 961 1314 1024 Curtii
1375 992 1378 997 ·

14 1080 15 1083 ¹
124 1063 238 1133 ratio,
272 1064 324 1141 qui
358 1070 448 1142 etym.
482 1079 528 1139 gr.
563 1081 591 1141 p.
614 1057 676 1122 571
700 1061 756 1121 hoc
790 1060 964 1121 vocabulum
996 1063 1091 1122 forma
1122 1064 1312 1132 adiectivum,

136 1164 365 1240 significatione
402 1163 577 1224 adverbium
615 1180 679 1223 esse
716 1163 838 1223 statuit:
882 1163 1020 1224 seminini
1058 1166 1137 1225 enim
1175 1166 1314 1226 adiectivi

136 1262 282 1341 ἀπριάτη
312 1267 512 1326 accusativum
541 1265 661 1344 quidem
690 1264 850 1342 intellegit,
888 1265 940 1325 sed
968 1267 1020 1344 qui
1050 1265 1184 1327 adverbii
1212 1275 1314 1346 partes

137 1365 286 1436 subierit,
310 1367 428 1427 collatis
450 1362 566 1447 ἄντην,
589 1364 749 1446 ἀντιβίην,
773 1366 917 1443 exemplis
939 1366 1020 1439 aliis,
1046 1384 1121 1444 quac
1144 1367 1313 1429 Lobeclrius

136 1569 278 1630 editores
299 1569 448 1630 Aureisius
481 1577 526 1640 et,
560 1571 585 1630 si
617 1577 697 1629 recte
727 1571 793 1629 eius
825 1569 916 1630 verba
944 1570 1092 1641 intellexi,
1116 1571 1310 1632 Duentzerus.

135 1671 253 1732 Verum
278 1671 317 1730 de·
337 1670 392 1731 hac
414 1690 448 1732 re
471 1671 650 1732 existimatio
672 1690 725 1733 sua
748 1673 857 1750 cuique
886 1674 939 1731 sit:
963 1690 1029 1732 mea
1053 1691 1112 1733 non
1134 1682 1195 1733 tam
1217 1675 1311 1733 inter-

136 1780 206 1833 erat
241 1775 447 1851 quaestiouem
476 1774 685 1852 perdifficilem
719 1772 834 1833 solvere
865 1792 952 1853 quam
983 1774 1187 1835 difficultatem
1215 1777 1310 1855 ipsam

139 1875 278 1935 indicare
301 1882 331 1935 et
353 1875 501 1936 Rhianum
524 1894 583 1936 non
605 1877 671 1936 sine
694 1876 856 1953 sagacitate
884 1883 914 1936 et
942 1877 1004 1936 veri
1027 1895 1117 1937 sensu
1140 1879 1237 1955 egisse
1259 1877 1310 1937 de·

135 1986 319 2040 monstrare.

226 2083 243 2145 ξ
265 2075 338 2140 343.
384 2079 417 2138 ln
441 2079 544 2139 eadem
567 2078 737 2139 narratione
761 2078 874 2151 Vlixes,
898 2080 1017 2141 cumin
1041 2080 1098 2141 alto
1121 2087 1214 2151 esset,
1238 2101 1271 2142 se
1294 2076 1361 2142 att

137 2182 266 2260 perfidis
294 2182 394 2241 nautis
415 2181 591 2259 Thesprotia
621 2183 808 2241 vestimentis
830 2188 953 2241 exutum
980 2188 1010 2241 et
1037 2185 1145 2261 pannis
1172 2184 1311 2244 indutum

137 2303 206 2344 esse
230 2284 319 2343 dicit:

272 2381 307 2447 ἐκ
329 2382 386 2461 μέν
408 2402 445 2461 με
467 2380 603 2461 χλαῖνάν
626 2401 660 2444 τε
683 2379 802 2458 χιτῶνά
823 2401 858 2445 τε
880 2380 983 2461 εἵματ’
1005 2381 1137 2464 ἔδνων,

271 2482 411 2563 ἀμφὶ·δέ
432 2504 486 2561 μοι
508 2482 606 2562 ῥάκος
628 2480 710 2546 ἄλλο
733 2483 831 2547 κακὸν
856 2482 956 2561 βάλον
979 2482 1036 2560 ἠδὲ
1058 2488 1192 2564 χιτῶνα,

271 2585 470 2665 ῥωγαλέα,
492 2586 533 2649 τὰ
555 2585 606 2648 καὶ
628 2583 726 2648 αὐτὸ(
749 2584 784 2647 ἐν
807 2583 1019 2663 ὀφθαλμοῖςιν
1043 2582 1146 2664 ὅρηαι.

138 2691 241 2752 Schol.
271 2688 397 2752 Ῥιανὸς
425 2686 644 2766 ῥωγαλέον.
674 2688 709 2747 Η.
753 2687 816 2748 Ηοο
846 2670 1026 2749 adiectivum
1055 2697 1202 2750 commate
1231 2691 1308 2769 quod

138 2792 296 2871 praecedit
320 2791 416 2851 deleto
439 2791 474 2850 ad
498 2791 618 2867 χιτῶνα
640 2790 766 2850 rettulit.
802 2787 887 2858 Quod
903 2806 1082 2869 quamquam
1105 2810 1159 2871 per
1181 2798 1310 2852 metrum

138 2896 207 2955 lieri
231 2895 319 2964 licet,
342 2900 442 2953 tamen
463 2894 589 2952 criticus
612 2899 714 2952 noster
728 2891 779 2951 hic
794 2892 922 2970 quodam
943 2892 1031 2952 modo
1054 2910 1070 2951 a
1092 2912 1125 2953 se
1148 2893 1309 2954 descivisse

139 2997 293 3074 putandus
316 3002 361 3055 est
383 3002 413 3054 et
435 3005 550 3055 temere
574 2993 721 3072 vulgatam
745 2995 926 3073 scripturam
943 2994 1118 3063 mutavisse,
1142 3012 1210 3054 nam
1233 2994 1309 3056 duae

138 3098 210 3159 illae
233 3116 356 3167 causae,
389 3095 499 3176 quibus
527 3114 596 3156 aum
624 3095 777 3174 inpulsum
806 3115 872 3157 esse
902 3096 989 3157 lacile
1017 3098 1219 3177 perspicitur,
1249 3115 1308 3158 non

139 3201 267 3261 idoneae
296 3207 380 3267 sunt,
414 3196 524 3277 quibus
552 3197 640 3259 nobis
672 3197 860 3276 persuadeat.
905 3199 945 3258 alc
978 3201 1112 3278 priorem
1144 3217 1263 3260 causam
1292 3218 1308 3259 e

139 3310 239 3363 metro
262 3303 365 3379 petiit,
390 3302 459 3376 qula
482 3298 586 3360 ultima
608 3299 718 3380 syllaba
741 3300 877 3360 vocabull
904 3297 1067 3380 ῥωγαλέα,
1097 3319 1172 3380 quae
1201 3309 1309 3362 natura

140 3401 241 3464 brevis
263 3410 323 3473 est,
346 3405 377 3462 in
400 3419 489 3461 versu
510 3403 656 3480 producta
679 3407 869 3481 usurpaturz'
893 3411 922 3463 at
951 3403 1042 3463 huius
1064 3422 1136 3463 usus
1158 3421 1218 3463 non
1240 3422 1309 3465 rara

141 3524 207 3566 esse
231 3505 383 3582 exempla,
414 3504 443 3564 id
467 3503 546 3583 quod
569 3511 655 3581 poeta
685 3506 803 3581 apicus,
832 3507 884 3583 qui
910 3505 1074 3582 permultos
1107 3524 1211 3567 versus
1238 3525 1308 3567 con·

141 3606 234 3676 didit,
257 3609 335 3666 scire
357 3611 489 3685 poterat,
520 3622 555 3663 ex
578 3608 617 3665 iis
639 3605 838 3683 intellegitur,
867 3624 943 3685 quae
967 3607 1114 3669 Ameisius
1140 3609 1176 3668 ad
1203 3604 1310 3681 1230

140 3709 300 3769 adnotavit.
345 3707 444 3768 Altera
467 3723 554 3766 causa
577 3707 608 3765 in
632 3724 667 3765 eo
682 3706 776 3783 posita
800 3714 858 3777 est,
887 3707 965 3788 quod
989 3710 1133 3770 orationis
1154 3711 1308 3785 concinni-

140 3812 197 3871 tati
225 3809 382 3869 coasulere
410 3807 467 3867 sihi
501 3807 671 3876 videbatur,
706 3809 731 3868 si
754 3808 902 3880 efficeret,
937 3816 971 3869 ut
1005 3828 1064 3870 non
1088 3811 1176 3870 modo
1199 3806 1307 3888 ῥάκος,

141 3910 193 3970 sed
216 3914 306 3971 etiam
329 3913 449 3987 χιτῶνα
476 3909 608 3987 epitheto
631 3917 799 3971 ornaretur.
845 3910 904 3972 Sed
926 3913 952 3973 si
974 3911 1030 3971 hoo
1054 3911 1164 3989 ubique
1187 3910 1307 3970 allicere

141 4012 295 4083 voluisset,
329 4013 452 4090 plurimi
481 4029 584 4072 versus
616 4014 648 4072 in
671 4011 802 4072 Homero
830 4012 962 4073 mutandi
991 4019 1089 4080 erant,
1125 4029 1180 4071 nec
1207 4017 1306 4072 tamen

141 4131 244 4176 omnes
266 4121 326 4174 tam
342 4117 403 4175 leni
425 4115 560 4175 remedio
582 4120 729 4182 sanasset,
753 4132 821 4174 nam
837 4116 952 4182 versui,
976 4115 1027 4193 qui
1041 4110 1120 4173 'huic
1143 4121 1188 4174 est
1211 4113 1305 4174 simil-

140 4215 244 4285 limus,
269 4234 287 4279 ν
309 4212 374 4277 434
395 4214 476 4293 ἀμφὶ
508 4214 543 4278 δέ
566 4234 617 4294 μιν
641 4212 738 4292 ῥάκοο
760 4211 844 4277 ἄλλο
864 4212 963 4277 κακὸν
990 4212 1086 4291 βάλεν
1108 4211 1165 4289 ἠδὲ
1183 4215 1307 4302 Ιχιτιῑινα

142 4314 300 4398 ῥωγαλέα,
317 4314 500 4396 ῥυπόωντα,
516 4322 601 4401 κακῷ
616 4314 839 4396 μεμορυγμένα
853 4319 966 4399 καπνῷ
979 4316 1101 4379 eandem
1119 4318 1304 4380 curationem

11 4978 272 5216 μ
