3312 5226
862 393 1014 494 A
1090 387 1093 391 ,

356 584 519 664 eademque
542 585 631 646 lectio
654 586 684 645 in
714 584 827 646 scholio
844 585 876 645 »ΙΙ
899 585 1013 646 libiano
1035 585 1205 657 tribuatur;
1234 586 1290 647 boo
1313 595 1413 648 autem
1436 589 1524 649 sobo-

354 680 416 747 lion
439 686 549 746 codicis
571 686 597 746 H
620 687 745 747 tortasse
768 687 937 748 mutilatum
960 695 1003 749 est
1027 694 1058 747 et
1079 688 1234 749 intercidit
1250 688 1523 765 mentio'aliorum‚

354 791 405 868 qui
436 785 574 852 ἀέκοντα
605 796 864 867 praeoptaverunt.
910 788 1012 868 ltaque
1047 789 1162 850 Rhiano
1195 789 1323 850 debetur
1354 790 1443 850 lectio
1472 791 1525 851 illa

355 891 523 968 aptissima,
557 908 645 969 quam
675 889 756 950 nullo
785 890 1009 952 contradicente
1037 893 1116 952 tueri
1148 899 1178 951 et
1205 892 1414 952 commendare
1443 911 1526 952 nunc

356 990 554 1070 supersedere
576 1010 709 1071 possum.

306 1088 349 1152 26
440 1111 460 1166 γ
482 1089 538 1164 24,
567 1093 619 1154 nbi
641 1093 773 1153 Minerva
801 1086 1012 1154 Telemachum
1040 1103 1222 1164 counnonet,
1253 1101 1285 1154 ut
1312 1101 1466 1155 strennum
1489 1113 1526 1154 se

357 1201 490 1271 praestet
512 1201 549 1255 et·
565 1194 749 1255 confidenter
772 1195 808 1255 ad
831 1195 988 1256 Nestorem
1012 1197 1146 1266 accedat,
1169 1193 1217 1256 ille
1234 1215 1302 1255 eum
1323 1196 1444 1256 iuvenili
1466 1214 1525 1274 pu-

355 1295 427 1355 dore
450 1314 482 1357 se
505 1297 699 1357 infacundum
722 1315 786 1356 esse
809 1299 851 1357 ait
874 1316 928 1356 uec
952 1300 1045 1366 scire,
1069 1316 1127 1376 quo
1143 1298 1230 1358 modo
1253 1316 1354 1357 senem
1378 1314 1526 1357 venerari·
1596 1301 1601 1312 '

356 1396 426 1457 dum
449 1398 640 1478 adloquatur:
734 1419 738 1425 ·

482 1496 580 1561 αἰόὼε
604 1497 638 1562 δ’
660 1495 701 1561 αὖ
724 1497 802 1563 νέον
824 1496 927 1575 ἄνδρα
948 1498 1135 1577 γεραίτερον
1158 1498 1342 1577 ἐξερέεεθαι.

356 1600 455 1661 Sahal.
478 1598 576 1663 αίοὼε
597 1599 631 1661 b'
653 1598 694 1663 αὖ
716 1599 793 1681 νέῳ
816 1599 945 1678 ἀνδρί·
975 1598 1062 1663 οὕτω
1085 1600 1264 1681 γράφουειν
1288 1599 1319 1664 οἱ
1341 1599 1420 1664 κατὰ
1441 1598 1527 1662 Ῥια-

355 1699 426 1765 νόν.
449 1701 529 1761 ΗΜ.
574 1702 632 1762 Pro
655 1699 693 1764 oi
715 1702 809 1763 Maur.
832 1702 1016 1763 Schmidtius
1039 1702 1104 1764 [lid.
1135 1723 1162 1782 p.
1190 1699 1250 1764 189
1278 1700 1315 1764 αἱ
1337 1701 1455 1771 maluit,
1484 1703 1526 1762 de

355 1823 413 1883 qua
435 1803 585 1864 locutione
608 1804 672 1864 vide
695 1823 724 1883 p.
748 1801 803 1874 23,
829 1804 880 1864 sed
897 1805 974 1865 baud
997 1808 1059 1865 scio
1082 1824 1119 1866 an
1141 1801 1266 1867 οἱκατὰ
1288 1802 1414 1867 Ῥιανόν
1430 1805 1526 1880 signi·

356 1908 446 1966 heare
468 1908 562 1985 possit
583 1905 748 1966 Rhiaueam
772 1904 931 1968 lectionem
954 1904 991 1968 ab
1015 1907 1082 1967 aliis
1104 1925 1221 1985 qunque
1244 1908 1447 1984 grammaticis
1469 1924 1526 1983 ap-

355 2007 510 2087 probatam
535 2025 615 2077 esse,
639 2025 715 2086 qnae
738 2006 859 2086 quidem
875 2008 1085 2087 interpretatio
1101 2009 1228 2068 sortasse
1243 2006 1386 2086 praesidii
1408 2008 1526 2085 aliquid

355 2109 445 2169 babet
469 2128 505 2169 ex
528 2108 641 2169 ultimis
669 2107 770 2168 vorbis
792 2106 896 2167 scholii
920 2108 955 2168 ad
979 2106 1005 2169 Ο
1030 2105 1090 2169 119
1113 2109 1251 2188 ascripti:
1289 2106 1400 2170 τινὲε
1430 2104 1527 2185 ἔγρα-

355 2228 424 2288 ψαν
446 2209 522 2290 νέῳ
545 2207 671 2285 ἀνδρί.
706 2209 818 2269 Eodem
841 2205 998 2287 scrutatu
1024 2209 1113 2269 simul
1135 2218 1238 2289 aperte
1261 2210 1420 2280 indicatur,
1444 2228 1526 2289 quae

355 2312 471 2372 libiano
493 2311 626 2371 mutandi
649 2328 737 2370 causa
760 2310 868 2381 luerit:
899 2309 989 2370 voluit
1018 2313 1098 2370 enim
1123 2310 1221 2371 dativo
1244 2312 1340 2389 posito
1363 2309 1525 2390 impedire,

355 2432 393 2474 ue
416 2415 483 2493 quis
505 2413 579 2473 lalso
600 2409 786 2488 γεραίτερον
808 2430 864 2490 pro
886 2411 1021 2474 subiecto
1043 2414 1203 2491 acciperet.
1240 2412 1319 2472 llaec
1334 2420 1433 2473 autem
1455 2414 1528 2473 eius

356 2517 433 2575 ratio
455 2514 630 2576 scholiastae
654 2513 845 2573 vehementer
875 2514 1043 2593 displicuit,
1073 2516 1124 2593 qui
1147 2514 1264 2585 libiano
1286 2514 1405 2574 crimini
1429 2513 1547 2584 dedit·

355 2616 434 2697 quod
457 2616 538 2677 illam
566 2615 791 2693 ambiguitatem
821 2615 941 2683 dicendi
970 2615 1048 2695 apud
1076 2615 1238 2675 Homerum
1268 2634 1339 2696 nou*
1356 2614 1525 2676 inauditam

356 2737 421 2779 esse
444 2719 589 2786 nesciret,
613 2717 752 2796 idemque
775 2718 880 2777 statuit
902 2716 1072 2778 Nitzscbius
1094 2715 1194 2777 adnot.
1222 2717 1257 2777 ad
1281 2716 1336 2778 Od.
1359 2716 1372 2775 l
1393 2736 1423 2795 p.
1449 2713 1525 2777 140.

356 2822 397 2881 ho
419 2826 501 2880 recte
529 2819 574 2878 illi
597 2817 717 2898 quidem
746 2817 855 2878 Rhiaui
884 2820 1077 2879 mutationem
1106 2835 1357 2897 supervacaneam
1385 2834 1452 2879 esse
1476 2818 1525 2879 di·

357 2929 484 2996 xerunt,
506 2940 573 2981 nam
596 2921 648 2999 qui
671 2922 703 2979 in
726 2919 816 2979 totius
837 2918 895 2979 loci
918 2922 1066 2980 rationem
1088 2927 1119 2979 et
1133 2921 1352 2980 sententiarum
1374 2935 1524 2980 conexum

356 3024 448 3103 probe
471 3022 647 3090 intenderit,
672 3027 840 3081 structurae
864 3020 1058 3099 ambiguitate
1082 3023 1122 3081 ita
1138 3021 1238 3100 decipi
1260 3039 1319 3082 nou
1342 3022 1466 3100 poterit,
1490 3029 1526 3082 ut

355 3129 385 3187 in
408 3126 491 3186 illum
513 3122 731 3203 interpretandi
754 3141 888 3182 errorem
917 3123 1044 3191 incidat;
1074 3130 1104 3182 at
1130 3123 1187 3183 hoc
1213 3131 1314 3183 tamen
1345 3139 1524 3183 concessum

355 3228 457 3297 velim,
481 3226 630 3286 Rhianum
652 3242 712 3284 non
735 3230 793 3286 tam
815 3233 928 3284 temere
951 3225 1063 3301 egisse,
1088 3241 1174 3302 quam
1196 3216 1318 3302 'utrique
1341 3225 1437 3284 visum
1461 3233 1524 3284 est:

354 3328 432 3389 haud
466 3328 578 3387 iniuria
606 3327 685 3385 enim
718 3343 880 3405 provocare
909 3331 1025 3403 poterat
1053 3325 1089 3384 ad
1111 3343 1130 3386 ν
1153 3321 1230 3394 312,
1264 3325 1316 3402 qui
1348 3343 1455 3385 versus
1478 3333 1526 3385 est

355 3434 433 3491 inter
456 3431 520 3508 ipsa
549 3428 724 3487 documenta
753 3445 802 3497 ea,
832 3445 907 3505 quae
931 3426 1103 3487 Nitzscbius
1125 3426 1144 3486 l.
1167 3425 1187 3487 l.
1218 3426 1330 3486 attulit:
1358 3422 1523 3501 ἀργαλέον

356 3550 405 3611 τε,
427 3527 500 3597 θεά,
528 3530 649 3602 γνῶναι
673 3531 805 3608 βροτῷ
827 3524 1046 3607 ἀντιάεαντι,
1076 3526 1127 3586 ubi
1150 3527 1311 3596 Homerus,
1341 3545 1521 3606 quamquam

356 3684 488 3691 ..α-η-
517 3682 557 3687 .-.-

423 3782 467 3847 44)
487 3777 589 3833 Versus
608 3779 650 3832 est
669 3778 691 3832 0
712 3782 773 3831 119:
803 3778 843 3831 ab<
861 3777 950 3844 φάτο·
980 3776 1026 3830 καί
1051 3778 1082 3844 ρ’
1107 3776 1214 3831 ἵππου(
1240 3777 1340 3831 κέλετο
1362 3777 1469 3843 Δεῖμόν
1486 3792 1521 3830 τε

355 3869 450 3932 Φόβον
467 3880 500 3917 τε
518 3864 681 3928 ’ζευγνύμεν
707 3861 848 3915 Scholion:
875 3861 982 3927 Δεῖμόν
1009 3878 1041 3915 τε
1060 3862 1155 3926 Φόβον
1178 3876 1222 3914 τε·
1249 3862 1267 3926 ἡ
1290 3863 1374 3928 διπλῆ
1393 3862 1438 3916 ότι
1456 3862 1520 3916 ἀντὶ

354 3957 406 4007 τοί)
425 3949 522 4018 Δείμῳ
540 3949 586 4002 καί
605 3949 705 4015 Φόβῳ,
729 3948 774 3999 καί
792 3948 837 4000 ότι
855 3946 988 4001 ἐντεῦθεν
1010 3946 1028 4010 ή
1048 3946 1141 4013 πλάνη
1160 3946 1260 4010 γέγονε
1282 3950 1342 4000 τοί(
1359 3947 1519 4013 δεξαμένοτε

355 4040 461 4103 Δεῖμον
479 4036 525 4089 καί
544 4034 639 4106 Φόβον
655 4031 756 4085 ἵππων
774 4033 910 4098 ὀνόματα.
934 4030 983 4084 εἰεί
1001 4031 1032 4084 δὲ
1054 4031 1154 4096 Ἀρεοε
1176 4029 1240 4084 υἱοί.
1266 4031 1301 4084 τό
1319 4031 1350 4083 δέ
1366 4031 1450 4096 γένοε
1467 4035 1519 4097 τῆ(

355 4119 523 4189 ἀμφιβολία(
546 4118 621 4171 ἔετιν
644 4116 737 4182 εὑρεῖν
758 4118 805 4169 καὶ
828 4116 948 4184 ἀλλαχῇ·
976 4116 1045 4167 «τόν
1071 4115 1101 4167 δέ
1119 4115 1150 4167 τ’
1175 4113 1279 4182 [potius
1301 4116 1351 4171 δότ
1374 4115 1406 4170 δέ
1423 4116 1455 4169 τέ
1473 4114 1517 4181 μ’]

355 4209 443 4272 ἄνδρα
461 4206 535 4257 ἑλεῖν
559 4204 604 4255 καὶ
627 4201 656 4255 ἑ(
674 4202 765 4267 όρμὴν
784 4202 880 4267 ἔγχεα(
898 4200 1008 4254 ἐλθεῖν»
1026 4199 1058 4266 (Ε
1072 4200 1131 4267 118)
1150 4201 1195 4253 καί
1214 4199 1245 4252 ἑν
1269 4199 1326 4252 'Ob
1351 4199 1380 4265 (γ
1398 4200 1444 4267 24)
1462 4197 1518 4253 <tai-

355 4292 413 4344 όὼε
435 4290 464 4342 δ’
486 4288 522 4341 αὗ
545 4287 610 4340 νέον
632 4286 720 4353 ἄνδρα
741 4286 905 4352 γεραίτερον
928 4284 1112 4349 ἐξερέεεθαο),
1139 4282 1210 4349 ὅπερ
1237 4282 1428 4349 ἀγνοήεαντὲε
1444 4296 1517 4337 τινε(

354 4376 481 4442 ἔγραψαν
499 4372 556 4440 νέῳ
574 4370 661 4437 ἀνδρί.
678 4370 709 4422 L.
