3312 5226
659 344 812 443 A

156 538 284 599 sclrolion
313 536 422 598 mendo
455 538 641 617 inquinatum
670 537 722 605 sit,
752 552 821 595 vera
845 535 910 595 eius
938 535 1029 594 lectio
1057 540 1141 595 certo
1168 535 1319 612 explorari

155 642 266 720 nequit.
312 640 388 699 Sunt
410 648 508 699 autem
531 638 605 731 haec
628 638 752 699 tradita:

277 738 354 804 τού(
382 737 549 821 (Φοίνικαι)
583 736 621 817 μ’
654 737 803 802 ἐκέλευια
827 735 980 802 Πύλονδε
1013 737 1198 815 κοταετῆεαι
1224 736 1277 801 καὶ

909 837 1039 918 tutetur

275 943 295 1021 ἣ
319 940 363 1007 εἰ(
383 942 499 1006 Ἤλιδα
521 942 609 1012 δῖαν,
633 938 684 1003 ὅθι
705 939 891 1020 κροτέονειν
912 937 1041 1004 Ἐπειοί.
1072 970 1076 975 ·

119 1114 125 1123 ,
151 1047 191 1107 Ad
207 1046 281 1107 haec
297 1045 467 1106 adnotatum
490 1052 536 1105 est
550 1041 733 1118 scholionti1
760 1041 889 1107 Ῥιανοῦ
911 1040 1150 1121 denotetur,
1174 1042 1317 1124 ἀποπέμ-
1431 1078 1434 1081 ·

151 1166 217 1225 ψαι.
242 1147 282 1218 Η,
312 1157 344 1208 ut
366 1165 423 1208 nec
451 1147 530 1206 unde
560 1144 722 1206 descendat
744 1145 801 1205 lroc
830 1144 998 1206 inauditum
1026 1144 1135 1206 Rhiani
1164 1147 1316 1208 inventum

151 1269 204 1311 nec
226 1251 314 1311 cuius
338 1248 421 1309 verbi
446 1247 596 1308 inlocum
620 1246 861 1308 substituendum
884 1248 923 1308 sit
945 1249 1084 1307 sciamus.
1129 1246 1222 1309 Felici
1246 1267 1317 1311 casu

150 1353 259 1413 lactum
282 1361 341 1421 est,
366 1358 398 1411 nt
420 1353 719 1427 interpretamentum
742 1345 935 1426 ἀποπέμψαι
958 1368 973 1408 a
996 1349 1122 1428 Didymo
1145 1349 1316 1413 adiunctum

150 1473 206 1514 uon
229 1454 441 1514 intercideret:
464 1452 544 1513 unde
565 1453 664 1529 primo
687 1450 792 1511 obtutu
814 1451 945 1528 proclive
974 1458 1019 1511 est
1041 1453 1187 1529 suspicari
1217 1449 1315 1516 ἀπο-

149 1553 284 1619 νάεεαι
317 1573 372 1634 pro
405 1554 591 1629 καταετῆεοι
623 1552 843 1630 reponendum,
878 1551 958 1632 quod
989 1559 1019 1613 et
1052 1552 1213 1614 satisfaciat
1245 1553 1315 1616 huic

150 1659 320 1719 dimittendi
349 1657 463 1717 notioni
495 1655 559 1735 (cir.
583 1654 616 1717 Π
637 1649 678 1715 86
713 1662 742 1714 et
774 1673 864 1715 sensu
893 1649 1144 1716 medianense
1171 1651 1209 1718 ὅ(
1235 1674 1315 1719 ποτε

149 1755 361 1835 Δουλίχιόνδ’
383 1755 600 1835 ἀπενάιεατο,
625 1752 724 1817 ο254
745 1752 782 1818 ὅ(
804 1752 837 1833 ῥ’
859 1753 1087 1833 Ὑπερηιίηνδ’
1101 1752 1312 1836 ἀπενάιεατο)
1362 1752 1366 1775 “

149 1869 177 1919 et
197 1880 213 1921 a
235 1860 405 1921 litterarum
429 1859 569 1920 ductibus
595 1856 681 1918 verbi
703 1854 887 1936 dnopdccur
915 1861 1004 1920 unius
1032 1857 1182 1918 litterulae
1209 1858 1314 1919 discri-

147 1964 225 2023 mine
249 1962 375 2023 differat.
422 1962 459 2021 m
481 1959 537 2020 hoc
565 1967 689 2038 propter
717 1967 845 2021 metrum
874 1961 938 2021 fieri
961 1978 1021 2021 non
1043 1978 1131 2038 posse
1154 1960 1251 2022 elucet
1275 1996 1311 2006 -
1386 2002 1390 2007 -

148 2065 204 2124 nisi
227 2082 299 2124 vero
322 2082 341 2127 ν
363 2063 492 2123 litteram
521 2062 765 2141 pronuntiatione
792 2062 936 2140 geminari
965 2061 1100 2122 volumus
1121 2093 1164 2106 -
1186 2082 1313 2144 cumque

148 2165 216 2244 quid
239 2165 398 2226 offensioni
421 2163 535 2224 Rhiano
558 2165 665 2233 luerit,
696 2164 790 2224 altero
813 2163 927 2224 scholio
947 2163 1027 2225 haud
1050 2163 1177 2225 obscure
1199 2166 1313 2227 indice·
1354 2192 1358 2200 ¹

147 2274 206 2327 tur:
234 2264 388 2330 Πύλονδε
416 2266 619 2341 καταετῆιοι·
648 2261 885 2341 ἀντέιτραπται.
913 2261 1088 2344 emersere
1114 2264 1177 2343 γὰρ
1199 2270 1238 2349 τῇ
1260 2264 1314 2345 νηῒ

147 2367 193 2429 καὶ
214 2369 401 2444 καταετῆιαι
422 2366 442 2443 ἣ
465 2364 509 2429 εἰ(
530 2365 644 2429 Πύλον
668 2364 687 2442 ἣ
710 2364 755 2429 εἰ(
775 2364 891 2428 Ἤλιδα
906 2367 995 2445 δῖαν,
1019 2366 1140 2427 dubium
1164 2386 1230 2427 esse
1252 2387 1312 2429 non

146 2477 257 2548 potest,
286 2472 357 2550 quin
388 2469 510 2529 verbum
540 2466 668 2546 ἐφέαοιι
699 2466 854 2528 aRhiano
882 2473 1026 2528 mutatum
1056 2469 1103 2527 sit.
1148 2467 1210 2528 Hoc
1232 2470 1311 2531 eninr

146 2571 425 2650 verbumsignilieat
445 2565 672 2651 ἐπιβιβάεοιτῇ
695 2567 748 2644 νηῒ
775 2570 850 2638 sive,
879 2576 912 2629 ut
938 2570 969 2629 in
998 2568 1062 2629 cod.
1086 2570 1109 2628 V
1137 2570 1310 2650 explicatur,

145 2669 264 2749 ἱδρῦεοιι
286 2670 330 2737 εἰ(
351 2672 409 2750 τὴν
431 2673 513 2735 ναῦν
536 2669 614 2751 (vide
638 2672 727 2731 etiam
749 2671 908 2732 lectionem
929 2668 951 2731 4
972 2692 1001 2752 p.
1024 2668 1094 2752 36);
1122 2689 1191 2733 cum
1213 2680 1311 2735 autem

145 2793 244 2836 rerum
276 2775 349 2836 ordo
382 2775 525 2854 postulet,
559 2779 593 2833 ut
620 2771 785 2834 Phoenices
818 2775 847 2834 in
876 2793 980 2835 narem
1010 2773 1122 2835 Vlixem
1156 2775 1310 2854 inponant,

145 2880 316 2957 priusquam
345 2876 449 2956 Pylum
477 2875 639 2943 deducant,
676 2875 834 2953 fugiendae
863 2876 950 2936 huius
978 2875 1194 2955 discrepantiae
1222 2894 1311 2938 causa

144 2978 273 3041 erianus
300 2978 471 3039 dimittendi
497 2975 622 3037 verbum
650 2974 810 3036 substituit.
855 2976 897 3036 Αο
925 2975 1124 3037 Buttmaunus
1156 2979 1309 3040 verissime

143 3079 282 3141 iudicavit
304 3080 361 3140 hoc
390 3077 464 3138 nihil
494 3078 572 3138 aliud
597 3096 661 3138 esse
685 3095 772 3157 posse
801 3079 862 3138 nisi
891 3075 1099 3158 eputari),
1128 3080 1208 3160 qued
1236 3081 1309 3142 scite

144 3181 299 3242 admodum
323 3188 353 3240 et
374 3181 526 3258 ingeniose
549 3178 660 3239 invenit
682 3179 828 3248 Rhianus‚
853 3197 920 3239 cum
944 3178 979 3239 ad
1002 3178 1168 3242 litterarum
1190 3200 1309 3263 quoque

28 3266 30 3299 ³
143 3286 271 3364 speciem
305 3282 487 3343 simillimum
522 3282 560 3340 sit
593 3279 686 3340 verbo
720 3278 861 3359 ἐφέεεαιε
896 3283 1018 3342 vetustis
1045 3282 1125 3343 enim
1154 3281 1309 3346 elementis

143 3383 255 3472 ionicis.
281 3384 338 3445 hoc
366 3380 514 3463 ΕΦΕΕΑΙ,
548 3381 620 3442 illud
646 3379 782 3444 ΑΦΕ(ΑΙ
812 3390 963 3445 exaratum
993 3392 1066 3445 erat.
1111 3383 1309 3449 Nihilominus

28 3502 29 3531 1
143 3504 228 3546 nemo
260 3485 347 3546 hodie
381 3484 458 3546 hane
486 3486 706 3554 coniecturam,
740 3491 839 3545 natam
866 3484 946 3545 illam
978 3484 1015 3546 ab
1043 3505 1115 3548 usus
1142 3489 1308 3569 pervulgati

205 3739 250 3803 48)
267 3734 419 3790 Adnotavit
435 3733 620 3789 Buttmaunus
636 3733 666 3787 in
683 3732 769 3792 schol.
782 3732 916 3789 editione:
935 3736 1119 3802 ‘deoperto-
1142 3755 1199 3792 non
1213 3741 1308 3809 potest

143 3819 206 3886 quin
223 3837 273 3889 pro
295 3821 406 3887 ἐφέιεοιι
423 3818 548 3874 Rhianus
571 3818 690 3874 voluerit
712 3820 828 3887 ἀφήιαι;
852 3835 924 3889 quae
944 3837 1002 3874 non
1023 3821 1099 3876 mele
1120 3823 1194 3877 foret
1214 3823 1305 3890 lectio,
1359 3845 1362 3850 ·

141 3903 211 3959 undo
228 3906 325 3959 tamen
343 3903 483 3971 quomodo
500 3904 598 3959 netum
617 3903 654 3959 sit
670 3904 746 3958 istud
768 3904 939 3973 duopdccot,
963 3903 1093 3974 equidem
1119 3922 1176 3960 non
1193 3905 1304 3962 dicem)

142 3984 193 4040 Sed
210 4004 302 4042 nonne
319 3989 373 4042 hoe
390 3990 458 4043 setis
485 3987 641 4058 explicatur
661 3987 770 4043 librarii
789 3988 932 4044 oscitantis
954 3987 1148 4058 neglegentia,
1170 3989 1219 4059 qui
1241 4007 1305 4046 oum

141 4068 285 4140 insequens
310 4073 478 4127 vocabulum
504 4073 671 4138 ἀποπέμψοι
703 4089 765 4125 eum
795 4074 853 4126 ἀπό
883 4071 1092 4143 praepositione
1120 4074 1304 4144 compositum

28 4210 29 4235 ἶ
143 4158 223 4224 esset,
241 4157 299 4212 iam
316 4156 404 4227 priori
421 4156 507 4211 verbo
526 4173 588 4211 eam
605 4154 731 4211 addidit?
766 4155 895 4210 Ceterum
913 4155 1011 4222 miror,
1030 4157 1106 4224 quod
1123 4157 1164 4213 Le
1181 4159 1304 4222 Roehiua

28 4260 30 4291 ι
141 4235 168 4291 in
186 4240 250 4295 edit.
271 4241 322 4294 Od.
340 4241 377 4296 ed
394 4241 468 4295 hune
484 4241 577 4295 lecum
599 4241 736 4307 dpetceu
764 4239 926 4295 dubitanter
949 4240 1089 4311 ascripsit,
1112 4259 1178 4297 nem
1200 4243 1246 4299 hie
1262 4243 1303 4301 in-

28 4356 30 4395 ι
141 4320 257 4379 finitivus
274 4325 363 4393 nullo,
382 4325 458 4395 quod
476 4324 575 4392 sciam,
593 4324 654 4380 λοοο
672 4324 748 4394 apud
765 4324 917 4380 Homerum
934 4324 1082 4383 invenitur.
