3312 5226
632 464 637 469 .
685 374 783 468 iil„

125 581 205 623 suam
230 581 266 622 ex
296 581 312 624 ε
334 559 355 621 9
377 565 519 639 sumpsit,
543 580 598 640 pro
621 579 695 640 vega
717 562 767 622 illa
791 566 935 635 formula,
959 582 1048 645 quam
1072 567 1168 624 oratio
1191 568 1290 626 cuius·

13 678 15 703 ι
124 664 195 725 libet
217 666 387 742 argumenti
410 666 496 744 sequi
519 672 634 743 potest,
658 664 840 727 substituere
857 667 996 728 maluisse
1019 667 1209 747 locutionem,
1233 688 1290 747 qua

124 785 180 846 quo
213 784 305 826 sensu
328 766 458 845 Neptuni
490 764 579 827 verba
610 764 688 826 dicta
717 776 832 838 essent,
867 771 967 830 stetim
991 768 1192 837 indicaretur;
1225 771 1290 849 ipse

13 854 15 869 '
124 886 191 929 vero
213 869 315 930 hausit
337 887 374 930 ex
395 867 425 930 Ψ
446 863 509 929 438
532 866 603 932 τὸν
630 867 694 930 καὶ
715 867 897 934 νεικείων
919 869 1068 948 προεέφη
1090 869 1205 935 ξανθὸε
1218 870 1290 934 ’Με-

123 969 259 1051 νέλαοε,
282 989 371 1049 quem
393 988 512 1031 versum
536 971 626 1030 etiarn
650 971 743 1048 magis
771 973 905 1032 imitatus
928 980 988 1041 est,
1018 975 1043 1032 si
1067 972 1162 1032 codici
1185 972 1290 1033 Toun-

13 1070 14 1075 ’
123 1073 219 1133 leiano
241 1073 331 1133 tidem
354 1072 465 1133 habere
488 1071 572 1146 licet,
597 1071 760 1133 secundum
782 1092 872 1153 quem
894 1073 1003 1152 legisse
1026 1074 1144 1135 videtur
1166 1071 1224 1138 τὸν
1241 1074 1291 1138 καὶ

123 1173 266 1238 νεικείων
298 1172 445 1252 προεέφη
478 1171 559 1237 ἔπεα
591 1171 777 1250 πτερόεντα
823 1175 925 1236 Simile
959 1182 1005 1236 est
1037 1194 1139 1237 versus
1171 1177 1289 1243 initium

123 1295 140 1353 p
162 1272 204 1337 74
225 1275 296 1339 τὸν
319 1273 382 1337 καὶ
402 1274 556 1353 Πείραιοε
577 1273 736 1352 πρότεροι
758 1275 841 1352 πρὸ(
863 1279 964 1354 μῦθον
986 1274 1104 1340 ἔειπεν.
1142 1276 1290 1339 Particule

123 1389 220 1438 autem
243 1375 295 1439 καί
317 1376 389 1457 quid
416 1377 464 1437 his
492 1378 566 1438 locis
589 1377 697 1447 valeat,
732 1385 813 1438 recte
843 1378 988 1439 indicavit
1010 1378 1210 1450 Duenlzerus‚
1239 1382 1290 1460 qui

123 1480 157 1540 ad
180 1478 210 1543 Ψ
231 1476 296 1541 438
319 1482 398 1540 inter
426 1498 458 1540 se
481 1482 592 1559 opponi
616 1478 690 1539 dixit
717 1487 747 1540 et
769 1479 986 1541 adlocutionem
1014 1488 1045 1541 et
1068 1479 1189 1541 verbum
1211 1481 1289 1560 quod

123 1583 285 1643 antecessit
306 1580 457 1658 μεθέηκεν
481 1579 629 1646 ἐλαύνειν
653 1579 691 1660 (ν.
713 1577 803 1660 434)ι
827 1582 975 1643 consimili
991 1583 1078 1644 modo
1100 1590 1203 1643 nostro
1224 1583 1290 1644 loco

122 1683 279 1763 Neptunus
300 1684 430 1743 Aeneam
453 1702 512 1743 non
535 1691 647 1744 tanturn
673 1685 850 1754 servavisse,
874 1684 927 1745 sed
950 1687 1061 1746 etiam
1084 1683 1289 1762 obiurgavisse

123 1786 245 1847 dicitur.
292 1785 429 1847 Ceterum
451 1783 653 1854 Duentzerus,
677 1803 854 1865 quamquam
878 1785 986 1850 Zenod.
1010 1805 1038 1865 p.
1064 1782 1125 1846 132
1140 1786 1289 1847 Zenodoto

122 1886 352 1956 assentiendum¹
368 1904 432 1946 esse
455 1887 625 1956 contendit,
650 1887 680 1948 id
702 1888 780 1967 quod
796 1887 934 1967 probavit
955 1896 1058 1967 postea
1082 1890 1171 1949 etiam
1194 1888 1287 1948 Maur.

122 1989 305 2051 Schmidtius
320 1987 760 2050 ‘Aristarcltisolr-Homerische
775 1989 919 2073 Excurse’
935 1991 966 2049 in
982 1989 1169 2051 Fleckeiseni
1191 1990 1287 2051 annal.
1307 1992 1310 1999 '
1401 2064 1408 2072 Ι

124 2087 205 2152 1856
227 2110 257 2170 p.
274 2085 325 2159 89,
349 2090 500 2151 tamenin
524 2089 686 2150 editionem
710 2108 794 2151 suam
816 2093 952 2171 recipere
975 2093 1040 2155 eius
1055 2092 1211 2152 lectionem
1234 2090 1287 2151 du-

123 2192 236 2254 hilarii.

206 2288 308 2354 5285.
354 2293 450 2371 lrisa
479 2293 546 2370 love
575 2293 613 2354 ad
635 2292 793 2354 Thetidem
816 2297 904 2355 missa
933 2298 964 2355 in
987 2296 1134 2375 frequenti
1164 2288 1340 2355 dearun119

124 2397 340 2463 maritimarum
363 2403 451 2456 coetu
474 2414 539 2455 earn
555 2394 678 2456 Achillis
700 2395 752 2455 filii
774 2397 867 2455 latum
891 2395 1050 2456 deflentem
1074 2397 1203 2455 invenit:

731 2495 750 2573 ἡ
774 2494 808 2558 δ’
830 2492 877 2558 ἐνὶ
899 2493 1008 2578 decept

133 2583 138 2592 ¹
249 2598 336 2659 κλαῖε
359 2595 462 2674 μόραν
485 2594 525 2660 οὗ
548 2597 664 2661 παιδὸε
687 2595 853 2676 ἀμύμονα(
860 2644 869 2677 ,
892 2595 935 2660 dc
957 2594 995 2658 οἱ
1017 2594 1182 2675 ἔμελλεν

249 2698 391 2784 φθίεεεθ’
414 2697 448 2762 ἐν
471 2698 569 2781 Τροίῃ
592 2697 775 2778 ἐριβώλακι,
802 2697 912 2775 τηλόθι
934 2696 1063 2775 πάτρηε.

122 2803 220 2864 Schol.
243 2799 278 2865 ἐν
301 2805 339 2880 τῇ
361 2799 441 2863 κατὰ
463 2798 591 2865 Ῥιανόν
615 2800 658 2864 dc
680 2798 764 2877 τάχ’
786 2799 962 2875 ἔμελλεν.
985 2801 1018 2860 Α.
1043 2799 1144 2861 Primo
1167 2808 1287 2879 aspectu

123 2905 248 2966 sortasse
283 2902 450 2963 credideris
483 2902 629 2963 Rhianum
665 2908 698 2971 ut
726 2920 742 2962 a
771 2903 920 2980 scriptura
948 2901 1095 2962 tralaticia
1122 2902 1287 2973 recederet,

122 3007 206 3071 hiatu
235 3004 394 3066 adductum
426 3022 509 3073 esse,
538 3003 588 3083 qui
612 3011 658 3064 est
679 3005 758 3063 inter
787 3000 818 3065 oi
846 3010 876 3062 et
898 2999 1010 3080 ἔμελλε
1032 3035 1074 3044 -
1102 3002 1139 3062 de
1168 3022 1225 3082 que
1254 3023 1288 3066 re

13 3114 15 3195 ξ
122 3109 175 3169 clr.
199 3107 221 3168 l.
245 3105 285 3167 La
308 3106 413 3166 Rochii
442 3104 562 3166 libellus
592 3103 684 3166 ‘iiber
713 3104 769 3165 den
798 3104 905 3164 Hiatus
931 3103 991 3163 und
1020 3101 1069 3162 die
1091 3102 1206 3165 Elision
1229 3113 1285 3166 cet.

13 3198 15 3251 l
123 3210 171 3271 bei
193 3210 319 3278 Homer,
348 3207 435 3268 Wien
460 3203 554 3268 1860’
577 3226 605 3286 p.
629 3202 672 3267 24
692 3241 748 3273 —-,
779 3206 830 3266 sed
860 3206 934 3267 milri
960 3203 1079 3285 quidem
1102 3207 1196 3284 magis
1217 3225 1287 3285 pro-

13 3298 15 3377 ἶ
123 3312 223 3382 batur,
259 3328 326 3371 eum
355 3312 520 3371 sententiae
548 3310 639 3370 huius
666 3309 724 3369 loci
754 3325 930 3369 succurrere
965 3324 1088 3387 eamque
1123 3306 1230 3369 melius
1257 3317 1297 3394 et,

13 3444 15 3483 ι
122 3418 219 3495 aptius
241 3414 410 3492 exprimere
432 3428 518 3488 posse
543 3409 601 3470 sibi
624 3413 720 3471 visum
743 3428 817 3470 esse.
863 3409 966 3488 Neque
990 3411 1069 3470 enim
1092 3410 1161 3471 ideo
1184 3410 1288 3472 Thetis

13 3486 15 3511 Ι
121 3518 271 3585 lacrimat,
295 3513 371 3594 quod
395 3513 486 3573 lilium
510 3529 595 3572 suurn
626 3513 662 3572 ad
686 3511 805 3572 Troiam
834 3511 940 3591 procul
963 3530 978 3571 a
1001 3511 1096 3591 patria
1118 3513 1286 3590 periturum

13 3628 14 3661 ῑ
122 3637 185 3680 esse
209 3619 314 3684 sentit;
344 3615 513 3694 quodcum
542 3615 600 3673 iam
622 3613 715 3673 multo
743 3621 811 3672 ante
840 3614 947 3682 sciret,
976 3633 1065 3693 quam
1092 3614 1148 3674 hoc
1177 3614 1286 3675 bellum

122 3723 339 3797 susciperetur,
363 3718 422 3776 iam
446 3715 557 3776 dudum
580 3714 735 3792 deplorare
764 3721 881 3792 poterat
907 3723 1126 3793 praematuram
1150 3722 1286 3782 mortem,

13 3902 14 3909 ἵ
123 3840 209 3902 quam
240 3818 370 3881 Achilles
402 3817 559 3878 subiturus
591 3826 670 3884 erat;
708 3816 760 3876 sed
799 3834 868 3876 curn
906 3815 1051 3876 decimo
1089 3835 1182 3877 anno
1215 3815 1286 3876 belli

13 3914 15 3961 ?
122 3924 280 3985 Hectore
309 3921 435 3980 occiso
463 3919 585 3980 Troiam
613 3937 691 3978 mox
718 3918 898 3977 exstinctum
934 3918 972 3976 iri
1001 3917 1079 3977 haud
1108 3920 1228 3995 ignoret
1256 3926 1287 3976 et

13 4006 15 4039 ³
124 4042 293 4108 supremum
327 4022 406 4081 diem
433 4019 495 4080 filio
528 4037 643 4098 prope
677 4020 827 4078 instare
862 4020 960 4078 animo
982 4020 1167 4098 praesagiat,
1203 4025 1285 4078 tanta

13 4174 14 4197 2
123 4128 269 4191 maestitia
309 4123 418 4184 alssicta
463 4130 527 4190 est,
568 4128 600 4180 ut
636 4121 787 4180 funestum
825 4117 898 4179 illud
943 4127 1060 4200 tempus
1096 4119 1284 4191 lamentetur,

123 4251 179 4312 quo
212 4224 319 4289 Achilli
348 4244 364 4285 e
398 4227 456 4285 vita
491 4222 702 4284 discedendum
736 4222 803 4282 erit.
856 4220 937 4281 Hanc
971 4223 1064 4299 igitur
1095 4220 1133 4281 ob
1166 4240 1285 4282 oausam

123 4331 202 4413 τάχα
225 4325 314 4408 (mox)
339 4324 473 4405 scripsit,
504 4332 604 4404 utpote
627 4341 686 4404 quo
718 4325 872 4401 aptissime
905 4320 1119 4402 explicaretur,
1154 4342 1207 4383 cur
1229 4324 1285 4384 hoc
1338 4392 1340 4400 ,
