3312 5226
906 408 949 472 64

345 598 461 668 crebra,
478 606 510 659 ut
520 597 642 659 Hesiodi
655 597 768 675 Theog.
786 594 826 657 10
841 597 889 673 (de
900 596 1158 691 Μιυίήἱέννιίχιαι
1173 598 1309 678 ετεῖχον,
1325 597 1412 660 Ρίυθ.
1428 599 1513 679 Pyth.

343 697 373 770 3,
398 697 439 762 79
460 701 572 777 κοῦραι
587 748 617 762 ..
640 698 815 777 μέλπονται
839 748 869 763 ..
891 697 1042 777 ἐννύχιαι,
1073 700 1163 781 Soph.
1191 699 1234 761 li.
1259 696 1340 761 1203
1363 699 1514 778 έννυχίαν

343 800 468 882 τέρψιν,
492 821 668 882 quamquam
697 803 728 862 in
752 801 855 862 eadem
884 801 982 862 lahela
1008 798 1069 863 179
1092 800 1250 879 ἐννυχίοιο
1273 804 1430 879 μηχαναῖς
1452 811 1514 864 tre·

250 981 259 988 “
344 902 438 964 ditum
463 912 521 973 est,
552 903 702 983 Aristoph.
725 902 779 983 Eq.
803 898 886 963 1290
908 901 1078 981 έννυχίαιει
1099 901 1252 982 φροντίιι.
1297 904 1358 965 Nee
1381 905 1513 965 alienum

344 1013 389 1067 est
422 1024 458 1066 ex
479 1005 610 1066 Homero
644 1005 752 1065 allerre
785 1023 861 1085 quae
890 1004 1040 1066 slmillima
1074 1013 1144 1065 sunt
1176 1002 1279 1084 β434
1311 1004 1513 1082 παννυχίη

344 1104 402 1183 μέν
431 1103 465 1183 ῥ’
490 1103 566 1181 ἠγε
589 1106 641 1169 καὶ
661 1103 710 1182 ἠῶ
738 1107 830 1183 πεῖρε
852 1103 1006 1169 κέλευθον
1029 1114 1059 1167 et
1085 1109 1104 1169 h
1126 1103 1189 1167 356
1211 1104 1306 1170 ὅιιον
1327 1125 1362 1170 τε
1390 1125 1513 1184 πανη-

344 1206 457 1284 μερίη
479 1207 630 1286 γλαφυρὴ
657 1209 735 1284 νηθι
762 1205 889 1284 ἤνυεεν.
935 1209 1069 1268 Attamen
1099 1209 1246 1267 exstitisse
1276 1209 1429 1279 videntur,
1458 1211 1513 1289 qui

344 1309 453 1370 Rhiani
487 1311 667 1371 sententiam
700 1310 963 1389 amplecterentur,
999 1328 1065 1370 eum
1100 1310 1185 1371 codd.
1221 1309 1335 1371 lent
1369 1308 1514 1388 ἐννύχιοι

344 1411 508 1490 praebeant
530 1418 560 1471 et
582 1414 613 1471 in
635 1411 661 1472 N
685 1429 716 1474 οι
739 1410 849 1491 syllaba
872 1391 963 1491 supra
986 1413 1096 1490 scripta
1121 1412 1168 1471 sit.

294 1504 338 1572 28
432 1509 546 1576 5702.
590 1512 693 1592 Pylum
725 1513 858 1591 epitheto
884 1509 1003 1589 ἠγαθέη
1031 1531 1137 1592 parom
1169 1521 1237 1593 apte
1266 1517 1367 1575 ornari
1396 1517 1516 1592 putavit

344 1614 479 1676 Rhienus
500 1614 556 1675 hoc
579 1633 682 1675 versu:

470 1714 503 1777 ἐι
525 1712 638 1778 Πύλον
660 1713 801 1792 ἠγαθέην
823 1712 879 1791 ἠδ’
900 1712 934 1777 lc
955 1712 1176 1793 Λακεδαίμονα
1197 1717 1280 1778 δίαν.

344 1817 442 1879 Schol.
471 1814 662 1893 ἠγαθέην·
690 1814 816 1880 Ῥιανόε
844 1815 1028 1894 Ἠμαθίην
1056 1815 1181 1896 γράφει.
1203 1817 1277 1878 llP.
1322 1818 1514 1881 Adiectivum

343 1917 480 1995 ἠγάθεοε
502 1919 583 1980 idem
605 1919 703 1980 valere
731 1937 765 1980 ac
787 1916 900 1984 Ζὰθεοε
921 1926 1023 1980 υοῐυιυ
1048 1927 1093 1979 est
1115 1926 1145 1979 et
1167 1922 1247 1979 inter
1270 1938 1372 1980 omnes
1395 1926 1516 1982 constat

342 2023 539 2101 interpretes:
577 2022 632 2081 eir.
662 2020 861 2082 Buttmannus
892 2020 949 2081 lex.
978 2021 991 2081 l
1019 2038 1048 2098 p.
1071 2018 1127 2089 48,
1156 2019 1350 2082 Doederlinus
1383 2022 1514 2101 glossl

341 2141 372 2200 p.
394 2118 435 2184 57
469 2140 498 2182 n.
524 2117 579 2191 74,
614 2121 797 2201 llartungius
829 2131 906 2201 part.
935 2122 948 2183 l
975 2140 1005 2200 p.
1028 2118 1101 2182 350.
1146 2121 1247 2201 ltaque
1275 2126 1423 2184 constanti
1453 2143 1513 2184 usu

343 2225 379 2285 de
403 2223 530 2284 urhihus
552 2224 597 2284 vel
619 2224 695 2284 locis
715 2224 919 2302 praedicatur,
944 2241 1051 2302 quaee
1076 2223 1140 2283 deis
1154 2222 1284 2285 habitari
1300 2224 1347 2284 vel
1362 2227 1406 2286 eds
1420 2242 1511 2304 prae-

343 2334 388 2386 ter
420 2333 519 2387 cetera
547 2334 630 2403 grata
658 2333 687 2386 et
708 2327 738 2386 in
762 2324 905 2403 singulari
940 2342 1041 2384 eornm
1076 2324 1166 2384 tutela
1201 2344 1236 2385 ac
1267 2326 1418 2403 praesidio
1440 2345 1512 2388 esse

237 2439 238 2443 ’
342 2428 498 2496 dicuutur,
527 2434 561 2487 ut
582 2428 713 2489 Lemnus
740 2427 854 2495 insula,
884 2444 959 2504 quae
983 2426 1113 2487 Vulcano
1136 2434 1250 2487 sacrata
1280 2436 1358 2499 erat,
1388 2424 1509 2490 Β722.
1553 2448 1555 2461 ·

341 2525 432 2591 <1258
455 2537 484 2589 et
507 2525 547 2590 79
570 2537 598 2589 et
620 2529 729 2609 Pytho,
753 2528 865 2588 oraculi
888 2527 987 2598 sedes,
1012 2530 1029 2588 θ
1052 2523 1102 2588 80.
1133 2528 1233 2608 hymn.
1256 2528 1328 2590 Veu.
1352 2526 1373 2589 2
1395 2537 1424 2589 et
1446 2529 1512 2609 Ny·

341 2633 451 2701 selum,
486 2630 630 2692 Thraciae
664 2650 748 2692 mone
770 2631 879 2691 Bacchi
909 2647 1007 2700 sacer,
1041 2626 1152 2690 2133
1175 2628 1248 2692 κατ’
1280 2628 1420 2707 ἠγάθεον
1443 2629 1512 2693 Νυ-

341 2730 447 2813 (ήϊον,
471 2735 602 2811 Itemque
625 2732 759 2813 Cyllene,
783 2735 814 2793 ln
838 2750 897 2811 quo
919 2739 1020 2792 monte
1043 2731 1209 2792 Mercurius
1231 2739 1317 2793 natus
1338 2731 1510 2804 dicebatur,

341 2834 442 2913 hymn,
465 2834 555 2894 llere.
571 2830 645 2895 231.
661 2834 786 2912 Saepius
801 2833 872 2911 Pylo
888 2833 1024 2894 Nestoris
1052 2832 1120 2893 urhi
1142 2834 1197 2893 hoc
1212 2834 1366 2910 epitheton
1382 2834 1509 2906 inditur,

340 2937 370 2995 in
399 2935 491 2996 Iliade
519 2935 611 2995 semel
637 2932 760 3005 Α252,
789 2937 820 2995 iu
847 2935 978 3015 Odyssea
1007 2935 1166 3014 quinquies
1192 2932 1229 2998 ἐν
1255 2933 1358 3017 Πύλῳ
1385 2932 1511 3019 ἠγαθέῃ

340 3041 359 3100 h
381 3034 454 3117 599,
478 3035 511 3099 ἐ(
531 3034 645 3100 Πύλον
673 3026 818 3112 ἠγαθέην,
841 3040 859 3115 β
880 3031 952 3101 308.
983 3038 1001 3098 δ
1025 3032 1097 3097 702.
1126 3054 1142 3099 ε
1163 3033 1215 3097 20.
1244 3041 1260 3102 ξ
1285 3033 1360 3107 180;
1390 3037 1510 3099 accedit

340 3142 430 3201 etiam
459 3140 560 3218 hymn.
590 3138 680 3198 Mero.
709 3134 781 3198 216.
826 3138 941 3199 Ceteris
969 3137 1043 3198 locis
1070 3137 1159 3216 Pylus
1190 3138 1355 3216 appellatur
1381 3136 1449 3215 ἱερή
1477 3159 1509 3218 φ

342 3236 417 3311 108,
441 3237 540 3317 μήτηρ
563 3237 674 3316 μήλων
704 3236 824 3320 ο226,
853 3237 992 3315 Νηλήίοε
1020 3234 1139 3300 Λ681.
1168 3242 1186 3301 δ
1209 3236 1286 3308 639,
1315 3238 1403 3318 longe
1432 3259 1509 3302 vero

339 3343 582 3421 frequentissime
605 3337 754 3418 ἠμαθόειε
777 3340 800 3403 Β
823 3339 874 3402 77.
899 3339 905 3402 Ι
932 3337 1002 3401 153.
1025 3336 1098 3401 295.
1127 3338 1152 3403 Λ
1176 3337 1247 3402 712.
1270 3358 1291 3401 α
1313 3338 1364 3402 93.
1389 3344 1407 3419 β
1429 3338 1507 3404 214.

339 3439 412 3505 326.
434 3439 507 3503 359.
531 3444 550 3504 δ
571 3438 644 3503 633.
674 3444 695 3514 λγ
714 3440 788 3504 257.
810 3440 884 3502 459.
913 3460 940 3503 ω
964 3438 1034 3501 152.
1079 3440 1231 3521 Nusquam
1260 3444 1367 3520 Igitur,
1396 3446 1422 3503 si
1452 3463 1508 3505 ex-

339 3546 434 3621 cipias
455 3562 481 3621 φ
502 3539 562 3604 108
583 3542 697 3607 Πύλου
718 3542 821 3621 leode,
844 3543 967 3603 deorum
983 3544 1157 3622 cuiusquam
1180 3561 1263 3604 sacra
1286 3562 1352 3605 esse
1375 3545 1507 3609 dicitur:

338 3663 430 3724 quare
454 3647 517 3704 veri
534 3646 630 3705 slmile
647 3654 705 3713 est,
728 3646 784 3706 hac
799 3662 887 3705 causa
903 3644 1049 3705 Rhianum
1067 3652 1176 3705 motum
1193 3664 1273 3715 esse,
1298 3654 1331 3706 ut
1346 3666 1411 3707 eam
1425 3644 1508 3722 ἠγα-

338 3745 415 3823 θέην
437 3754 518 3807 recte
541 3750 688 3809 nominari
712 3754 845 3825 negaret⁴
862 3754 892 3805 et
920 3764 1029 3807 nevum
1055 3746 1231 3807 vocabulum
1254 3749 1381 3826 fingeret
1407 3745 1505 3826 Ἠμά-

338 3852 407 3911 θιοέ
429 3851 490 3908 sive
513 3845 660 3928 ἠμάθιοε,
689 3849 767 3927 'qnod
791 3847 903 3925 duplici
932 3850 1047 3910 ratione
1071 3849 1213 3925 eprIcari
1236 3847 1321 3911 lieet:
1360 3868 1428 3910 uam
1451 3859 1507 3912 aut

338 3953 495 4012 anomine
524 3950 606 4011 fluvii
633 3948 773 4026 Ἀμαθοε
801 3949 957 4010 deseendit
982 3950 1086 4029 Pylum
1115 3949 1220 4010 urbem
1249 3952 1503 4028 praeterfluentis,

337 4071 353 4112 a
387 4072 446 4132 quo
477 4052 587 4114 Strabo
600 4049 636 4130 45)
675 4052 763 4111 etiam
795 4047 945 4126 ἠμαθόειε
978 4051 1156 4112 adiectivum
1190 4052 1296 4113 deduci
1333 4054 1412 4124 vult,
1450 4062 1507 4114 aut

337 4203 539 4213 ...ψ-...-

404 4288 448 4354 45)
468 4285 569 4339 Strabo
581 4283 648 4338 VIII
659 4303 686 4355 p.
701 4290 763 4340 344:
781 4286 894 4340 Tldloc.
909 4327 915 4338 .
928 4285 962 4339 dv
975 4287 1054 4339 καλεῖ
1065 4285 1081 4338 ὁ
1093 4287 1213 4354 ποιητὴς
1225 4285 1389 4354 ἠμαθόεντα
1401 4329 1406 4341 .
1421 4329 1427 4341 .
1441 4286 1506 4342 εἴτε

337 4372 388 4425 rod
408 4370 618 4437 παραρρέοντα(
637 4374 766 4436 ποταμοθ
789 4372 860 4436 πρὸ(
878 4372 983 4436 ἄρκτον
1009 4370 1131 4435 Ἀμάθου
1154 4373 1329 4438 καλουμένου
1348 4373 1506 4440 πρὸτερον,
