3312 5226
859 404 1010 502 „⁷0-

352 595 523 663 inscientia,
547 595 747 655 necessariam
771 612 836 655 esse
853 594 1022 657 affirmabit.
1053 596 1113 658 Gir.
1137 615 1212 677 quae
1226 598 1371 659 Ameislus
1393 598 1429 659 ad
1450 599 1478 659 h.
1494 599 1512 659 l.

232 728 234 732 ,
352 704 382 757 et
403 697 422 757 δ
444 691 517 756 476.
541 699 560 757 θ
582 691 624 756 90
646 703 731 757 recte
755 696 917 759 adnotavit.

301 790 346 857 33
438 793 527 861 ζ10.
572 796 753 858 Nausithous
782 797 932 859 Phaeaces
964 799 995 859 in
1024 798 1152 861 insulam
1181 799 1334 862 Scheriam
1363 802 1514 863 deduxisse

352 899 455 980 ibique
477 917 584 960 novam
606 899 713 961 urbem
736 901 903 962 condidisse
926 908 1079 962 narratur:

480 997 564 1064 eicco
586 1000 623 1065 δὲ
646 984 756 1085 (χερῖη
777 999 850 1066 {cde
872 1000 1002 1080 ἀνδρῶν
1025 999 1234 1084 ἀλφηετάων,

480 1099 560 1180 ἀμφὶ
582 1102 618 1166 δὲ
641 1103 747 1181 τεῖχος
771 1101 880 1167 έλαεεε
903 1100 996 1167 πόλει
1017 1102 1069 1168 καὶ
1091 1101 1237 1182 ἐδείματο
1261 1103 1370 1169 οἴκου(
1377 1152 1386 1187 ,

480 1202 532 1266 καὶ
553 1202 653 1282 νηοὺε
675 1203 787 1283 ποῖηεε
809 1207 910 1269 θεῶν
933 1205 985 1269 καὶ
999 1203 1146 1269 έδάετατ’
1169 1203 1318 1286 ἀρούρας.

353 1305 452 1366 Schol.
476 1306 591 1369 θεῶν·
618 1302 744 1370 Ῥιανὸε
766 1307 886 1369 θεοῖε.
909 1307 945 1369 Η.
990 1308 1049 1370 (λιι
1078 1309 1208 1370 dativum
1230 1310 1362 1372 Rhianus
1383 1311 1516 1388 genetivo

353 1409 571 1487 anteposuerit,
603 1427 662 1468 non
692 1409 762 1470 satis
784 1410 888 1489 liquet.
933 1409 1006 1471 Cum
1029 1408 1107 1485 νηόε
1130 1412 1192 1471 sive
1219 1409 1297 1474 ναόε
1325 1413 1387 1472 sire
1410 1413 1517 1473 Attico·
1574 1398 1577 1405 ’

352 1524 419 1569 rum
434 1506 517 1572 νεώ(
532 1510 594 1570 nisi
617 1511 653 1569 de
671 1510 794 1571 deorum
818 1509 952 1572 delubris
974 1529 1034 1571 ιιοιι
1058 1512 1225 1588 diceretur,
1250 1513 1316 1574 tierl
1339 1521 1465 1593 poterat,
1488 1518 1519 1572 ut

352 1617 471 1690 putaret
498 1612 666 1689 genetivum
695 1613 797 1685 θεῶν,
830 1614 881 1692 qui
910 1612 984 1673 nihil
1012 1614 1080 1673 novi
1103 1613 1184 1675 addit
1211 1615 1247 1675 ad
1270 1611 1370 1691 νηούε
1398 1623 1428 1675 et
1455 1631 1519 1675 cum

352 1713 409 1773 hoc
433 1714 611 1773 coniunctus
632 1713 779 1791 significat
801 1714 830 1774 id
848 1714 934 1794 'quod
949 1715 1107 1775 vernacula
1122 1715 1222 1794 lingua
1246 1715 1373 1777 dicimus
1393 1715 1519 1777 teutar-

351 1814 485 1894 tempel’,
515 1813 688 1893 languidum
715 1832 782 1876 esse
813 1815 857 1876 vel
886 1816 959 1876 adeo
987 1816 1171 1887 redundare,
1200 1825 1230 1878 et
1257 1819 1340 1897 pium
1367 1816 1519 1879 Nausithoi

353 1917 499 1986 animum,
528 1934 587 1996 quo
614 1935 672 1976 non
696 1916 863 1977 modosihi
885 1918 1020 1996 suisque,
1051 1918 1102 1978 sed
1130 1919 1218 1979 etiam
1246 1920 1310 1980 deis
1338 1919 1518 1989 consuleret,

218 2018 221 2026 “
271 2037 275 2043 ’
353 2018 520 2079 distinctius
554 2035 619 2079 esse
645 2017 845 2078 indicandum.
890 2018 1081 2080 Posterorum
1110 2020 1188 2080 enim
1217 2019 1401 2083 Graecorum
1430 2038 1520 2090 more,

353 2119 493 2198 quicum
517 2118 647 2179 colonias
669 2119 869 2188 deducerent,
897 2121 1064 2198 patriorum
1094 2121 1218 2182 deorum
1241 2121 1356 2184 cultum
1379 2125 1411 2183 in
1434 2141 1523 2184 noras

354 2219 441 2281 sedes
462 2218 699 2291 transferebant,
730 2219 854 2281 ille'ubi
876 2238 945 2281 cum
967 2223 1029 2282 suis
1052 2224 1187 2284 consedit
1209 2241 1392 2304 murumque
1421 2232 1451 2285 et
1472 2225 1521 2285 do-

353 2340 420 2382 mus
442 2321 623 2391 aedificavlt,
653 2321 718 2383 deis
739 2309 799 2402 qui¹
812 2324 961 2402 pristinae
983 2325 1097 2402 patriae
1116 2316 1244 2386 'tutelam
1273 2334 1446 2404 gesserant,
1469 2327 1522 2388 La-

353 2421 439 2484 ribus
471 2428 501 2482 et
527 2420 689 2484 Penatibus
717 2422 827 2504 templa
856 2425 1002 2486 exstruxit
1029 2434 1059 2485 ct
1086 2426 1284 2496 consecravit,
1317 2436 1352 2489 ut
1385 2431 1418 2489 in
1450 2444 1522 2488 nova

352 2543 471 2605 quoque
487 2526 581 2604 patria
598 2525 783 2587 domicilium
805 2527 843 2588 lis
858 2527 1101 2588 constitueretur.
1131 2528 1271 2590 Fortasse
1287 2529 1426 2592 Rhianus
1448 2530 1524 2589 hunc

353 2627 485 2687 dativum
508 2627 596 2687 simul
611 2627 647 2687 ad
663 2624 811 2691 έδάεεατ’
833 2624 975 2706 ἀρούραε
995 2625 1149 2708 pertinere
1165 2626 1270 2701 voluit,
1294 2638 1328 2691 ut
1343 2631 1525 2692 Nausithous

354 2728 418 2788 deis
439 2743 499 2788 non
522 2728 617 2788 solum
645 2729 755 2809 templa
783 2730 1007 2800 exaedificasse,
1035 2748 1139 2792 verum
1167 2734 1257 2792 etiam
1286 2728 1434 2811 &occiput
1457 2735 1476 2793 i.
1498 2751 1524 2792 e.

352 2826 481 2906 τεμένη,
506 2847 594 2908 agros
617 2849 716 2891 sacros
740 2831 882 2891 dicavisse
905 2831 1071 2903 diceretur3
1094 2834 1152 2893 nisi
1173 2840 1305 2894 statuere
1328 2837 1436 2905 mavis,
1459 2851 1525 2896 eum

354 2930 430 2992 hanc
452 2931 611 2992 lectionem
633 2950 669 2992 ex
692 2939 808 2993 vetusto
831 2933 995 3012 exemplari
1017 2935 1177 3014 recepisse.
1213 2935 1255 2995 lta
1279 2944 1363 2997 certe
1387 2936 1525 2998 facillime

354 3033 532 3113 explicatur,
557 3053 611 3094 cur
633 3034 801 3112 genetivum
825 3035 996 3105 mutaverit,
1020 3038 1071 3115 qui
1094 3043 1263 3111 ceterorum
1284 3036 1435 3098 librorum
1458 3055 1527 3098 con·

355 3117 493 3197 firmatur
516 3138 693 3197 auctoritate
715 3154 771 3196 nee
794 3139 954 3215 quicquam
976 3134 1081 3206 habet,
1105 3137 1185 3216 quod
1207 3137 1272 3199 iure
1287 3139 1506 3219 reprehendas.

303 3229 348 3295 34
439 3239 456 3302 ζ
491 3233 547 3308 44,
585 3237 637 3299 ubi
674 3237 832 3317 Olympus,
875 3238 1000 3298 deorum
1037 3239 1137 3309 sedes,
1180 3238 1304 3300 uberius
1340 3241 1527 3321 depingitur,

354 3338 495 3415 legimus:

558 3437 632 3501 οὔτ’
654 3438 796 3517 ἀνέμοιο
816 3437 991 3503 τινάτεεται
1013 3437 1088 3504 οὔτε
1110 3438 1189 3505 ποτ’
1210 3437 1320 3526 ὄμβρῳ
1406 3517 1409 3521 ,

483 3537 608 3604 δεύεται
631 3538 706 3604 οὔτε
729 3541 809 3620 χιὼν
831 3538 1048 3620 ἐπιπίλναται,
1070 3539 1154 3606 ἀλλὰ
1176 3540 1253 3622 μάλ’
1275 3541 1393 3624 αἴθρη

482 3641 639 3706 πέπταται
654 3639 832 3724 ἀνέφελος,
856 3643 950 3722 λευκὴ
966 3642 1001 3707 δ’
1016 3642 1224 3722 ἐπιδέδρομεν
1247 3642 1350 3724 αἴγλη.

356 3745 455 3806 Schol.
484 3741 617 3824 αἴθρη·
650 3742 775 3809 Ῥιανόε
802 3743 927 3823 αἰθήρ.
956 3746 1031 3807 ΗΡ.
1077 3747 1150 3809 Cum
1178 3743 1272 3824 αἴθρη
1299 3748 1411 3810 idoneo
1439 3766 1529 3810 sensu

293 3880 297 3885 -
355 3865 415 3907 non
443 3856 543 3908 careat
570 3866 667 3928 neque
696 3847 772 3909 alius
806 3866 947 3928 umquam
974 3850 1188 3926 grammaticus
1216 3848 1438 3913 dubitationem
1467 3869 1529 3911 mo·

355 3950 445 4019 verit,
470 3950 566 4028 primo
589 3958 710 4029 aspectu
733 3950 912 4019 credideris,
941 3949 1090 4010 Rhianum
1118 3950 1251 4011 haesisse
1274 3953 1306 4011 in
1329 3953 1397 4013 soni
1422 3951 1529 4013 simili·

354 4052 458 4112 tudine
481 4051 691 4113 vocabulorum
715 4047 809 4129 αἴθρη
832 4060 861 4112 et
883 4047 977 4128 αἴγλη
1000 4053 1032 4111 in
1055 4070 1195 4112 versuum
1222 4054 1281 4113 fine
1304 4055 1478 4133 positorum
1502 4060 1531 4112 ei

354 4152 431 4212 hanc
453 4150 661 4231 κακοφωνῖαν
684 4150 830 4239 sublatam
853 4152 997 4226 voluisse;
1026 4153 1079 4213 sed
1102 4155 1129 4213 si
1151 4153 1188 4214 ad
1210 4156 1364 4215 notionem
1388 4163 1422 4216 et
1443 4170 1530 4217 usum

356 4272 460 4313 eorum
483 4254 663 4325 attenderis,
691 4256 769 4315 haud
800 4258 861 4315 scio
884 4273 920 4316 an
944 4254 1000 4315 alia
1024 4272 1096 4325 eum¹
1116 4273 1204 4317 eausa
1233 4256 1354 4317 ductum
1380 4276 1451 4318 esse
1474 4254 1531 4316 tihi

356 4354 546 4434 persuadeas.
592 4356 694 4417 Talem
722 4359 803 4417 enim
830 4358 1080 4436 perquisitioncm
1101 4356 1251 4420 Rhianum
1278 4357 1358 4421 haud
1388 4359 1531 4421 omisisse
