3312 5226
638 512 659 518 ..
689 422 790 518 ll..

137 613 263 674 scholion
292 613 315 671 V
344 614 558 674 contendentes
586 632 653 674 cum
682 613 795 674 scholio
818 613 872 674 BL
902 613 987 674 facilc
1021 616 1235 694 perspicimus,
1266 617 1297 676 in

138 724 257 794 utroque
290 716 378 795 plane
416 716 541 776 eandem
574 735 639 777 esse
677 734 782 776 versus
817 715 967 776 Homerici
1001 718 1317 795 interpretationemz,

136 835 224 896 quare
247 836 306 878 non
329 816 511 879 incredibile
541 823 599 887 est,
629 817 787 877 lectionem
815 834 932 897 qunque
955 818 1081 878 candem
1111 820 1142 878 in
1171 824 1296 898 utroque

136 919 246 979 scholio
274 918 427 988 exhiberi,
463 934 589 995 cumque
619 919 699 995 quod
727 917 781 979 BL
810 918 921 980 habent
949 919 1173 997 μεταναετήν
1202 921 1296 981 solum

136 1022 287 1081 conveniat
308 1021 352 1082 illi
374 1023 616 1100 interpretationi
640 1024 806 1090 communi,
836 1021 893 1084 hoc
915 1040 970 1103 pro
998 1021 1237 1099 perclaruit
1266 1025 1296 1083 in

135 1121 156 1180 V
177 1123 394 1184 restituendum
416 1125 484 1182 erit.

215 1224 296 1294 Quae
325 1227 351 1285 si
380 1231 462 1285 recte
491 1224 648 1284 emendata
676 1231 759 1293 suot,
794 1224 991 1303 μεταναετήν
1014 1225 1148 1287 Rhiaous
1175 1226 1298 1286 deduxit

135 1325 169 1386 ab
192 1326 338 1387 adiectivo
361 1326 474 1388 verbali
503 1324 710 1402 μεταναετόε,
740 1327 817 1405 qnod
841 1326 1071 1406 parasyntheton
1100 1326 1205 1389 haberi
1233 1331 1297 1388 sine

135 1428 222 1488 dubio
249 1428 354 1498 voluit,
383 1436 415 1489 nt
443 1447 501 1488 non
525 1435 637 1507 pugnet
659 1445 727 1488 cum
754 1427 857 1505 regula
880 1428 1044 1489 Herodiani
1072 1448 1088 1488 a
1118 1429 1297 1507 Goettlingio

134 1529 168 1590 de
195 1528 368 1591 accentibus
401 1552 430 1609 p,
459 1527 522 1591 313
555 1532 698 1609 exposita.
742 1530 916 1591 Femininae
951 1536 1049 1590 autem
1083 1533 1198 1591 lormae
1228 1548 1298 1591 usus

134 1634 266 1692 munitur
281 1631 438 1693 adiectivis
453 1632 620 1692 Homericis
635 1631 823 1708 δουρικτητή
848 1631 854 1693 Ι
871 1628 949 1700 343,
973 1629 1165 1710 ἀμαιμακέτη
1181 1630 1209 1694 Ζ
1227 1629 1296 1701 179,
1325 1672 1340 1689 x

134 1752 205 1811 quae
229 1734 429 1812 Goettlingius
452 1734 470 1794 i.
493 1734 513 1793 l.
538 1733 651 1803 attulit,
675 1730 811 1810 ἀπριάτη
835 1733 912 1811 (vide
934 1734 1003 1794 lect.
1026 1732 1095 1813 41),
1125 1731 1249 1812 ἀδμήτη
1274 1733 1297 1796 Κ

133 1831 207 1905 293,
231 1832 362 1913 ἀεβέετη
385 1834 417 1898 Π
435 1832 495 1895 123
524 1835 676 1896 nonnuliis
705 1836 771 1895 aliis
794 1855 809 1895 a
831 1835 982 1896 Lobecltio
1011 1836 1105 1915 paral.
1121 1856 1150 1915 p.
1167 1832 1230 1898 458
1250 1854 1296 1913 sq.

84 1958 89 1961 ⁴
134 1936 272 1997 collectis.
318 1936 412 1998 Nobis
435 1936 600 1998 Aristarchi
624 1940 771 1999 rationem
793 1938 939 2017 potiorem
968 1954 1033 1998 esse
1056 1939 1116 1998 iam
1139 1957 1228 2025 supra
1251 1941 1296 1999 iu·

134 2038 303 2099 dicavimus

214 2142 259 2201 Ex
291 2140 380 2201 Chia
414 2139 545 2202 editione
573 2141 707 2202 Rhianus
739 2141 839 2202 hausit
870 2142 958 2220 βοῶν
992 2139 1045 2204 ἔπι
1074 2140 1103 2203 Υ
1132 2094 1326 2211 latescere

18 2232 20 2283 ἶ
132 2242 267 2313 Achilles
292 2249 450 2322 antequam
473 2262 540 2304 cum
563 2244 662 2304 Aenea
685 2244 834 2322 confligit,
858 2246 1017 2304 minaciter
1040 2262 1108 2303 eum
1139 2243 1297 2324 compellat

133 2343 230 2406 verbis
252 2344 313 2405 his:

256 2443 275 2521 ἦ
299 2445 339 2509 οὐ
362 2445 479 2528 μέμνῃ,
502 2443 557 2509 ὅτε
579 2445 640 2523 πέρ
663 2465 696 2508 (ε
720 2451 824 2524 βοῶν
847 2444 925 2509 ἀπο
948 2450 1071 2523 μοῦνον
1094 2443 1191 2509 ἐόντα

258 2550 332 2610 cestu
355 2546 427 2611 κατ)
448 2545 569 2611 Ἰδαίων
593 2546 698 2625 ὀρέων
713 2546 853 2625 ταχέεεει
876 2544 1004 2610 πόδεεει
1027 2554 1082 2609 cet.

19 2698 21 2733 ;
133 2649 227 2710 Schot.
253 2647 490 2727 ἀναετμεπτέον
512 2652 571 2729 τὴν
593 2648 757 2727 πρόθεειν·
786 2648 849 2714 {cro
871 2649 933 2728 γὰρ
955 2649 993 2712 τὸ
1017 2647 1087 2725 ἑξῆε
1110 2647 1175 2712 ἀπὸ
1200 2652 1296 2729 βοῶν.

19 2826 20 2829 ¹
133 2749 210 2814 ἔνιοι
240 2752 277 2815 δὲ
304 2750 506 2815 (υντάεεουει
534 2753 592 2831 τὴν
620 2749 685 2815 ἀπό
712 2757 758 2834 τῷ
781 2755 872 2832 cetu,
900 2749 936 2816 ἐν
963 2757 1001 2833 τῇ
1031 2751 1100 2834 Χίᾳ
1128 2751 1165 2814 δὲ
1193 2755 1297 2830 βοῶν

132 2849 202 2914 ἔπι.
227 2855 308 2914 AB.
333 2887 375 2898 -
406 2853 541 2917 Ἄλλωε.
564 2853 584 2930 ἡ
607 2853 762 2916 Ῥιανοῦ
784 2852 835 2915 καὶ
858 2852 1169 2933 Ἀριετοφάνου(
1193 2857 1297 2933 βοῶν

131 2950 208 3037 ἔπι,
231 2953 292 3018 οὐκ
308 2953 476 3034 ἀχαρίτως.
501 2961 533 3017 Α.
558 2958 662 3016 Priore
678 2955 805 3024 scholio,
822 2958 909 3015 cuius
924 2962 1077 3015 auctorem
1094 2956 1296 3015 Herodianum

19 3054 20 3119 j
132 3075 194 3118 esse
224 3058 406 3118 verisimile
435 3067 494 3128 cst,
523 3059 667 3119 docemur
689 3059 749 3117 iam
779 3065 896 3118 veteres
916 3042 1127 3134 grammaticos
1155 3060 1235 3117 inter
1264 3076 1296 3118 se

19 3148 22 3231 J,
132 3159 320 3229 dissensisse,
351 3167 450 3221 utrum
479 3158 545 3223 ἀπό
573 3179 628 3239 per
656 3160 764 3220 tmesin
794 3178 810 3218 a
841 3158 933 3219 verbo
962 3159 1039 3222 (εὓα
1067 3161 1234 3219 seiunctum
1259 3178 1296 3219 an

20 3280 22 3319 ;
132 3269 195 3322 arte
224 3279 293 3321 cum
315 3265 453 3339 genetivo
482 3265 570 3338 βοῶν
600 3261 841 3340 coniungendam
864 3268 954 3321 esset.
990 3261 1084 3339 Atque
1107 3261 1296 3321 Herodianus

131 3363 336 3424 Aristarchum
358 3372 477 3424 secutus
499 3365 623 3443 simplex
646 3365 722 3427 (εὓα
744 3366 874 3443 positum
902 3381 968 3425 esse
997 3370 1027 3422 et
1054 3359 1120 3425 ἄπο
1150 3364 1185 3423 ad
1209 3365 1296 3441 βοῶν

131 3467 241 3526 reterri
270 3467 368 3527 voluit.
418 3466 472 3527 Cui
499 3468 666 3526 sententiae
695 3465 827 3525 Rhianus
860 3466 998 3534 accessit,
1020 3465 1084 3527 .sed
1112 3465 1191 3525 idem
1221 3465 1297 3525 hanc

131 3717 228 3784 φηείν,
247 3717 289 3770 ἵν’
312 3721 329 3785 ᾗ
349 3717 389 3769 doc
407 3717 438 3770 tr<
457 3718 549 3783 χειρὸς
578 3716 716 3782 ἀτιμήτον
740 3716 914 3781 μετανάετου
933 3715 1077 3781 ἀφείλετο.
1101 3715 1171 3769 BL.
1201 3716 1298 3768 Potest

131 3800 214 3855 etiam
233 3801 335 3855 Hhiani
357 3816 459 3855 nomen
484 3799 644 3868 saepissime
662 3798 731 3852 iliud
749 3799 933 3868 depravatum
955 3800 1044 3854 latere
1066 3800 1095 3853 in
1118 3802 1297 3868 Ἡρωδιανὸς,

130 3886 295 3954 praesertim
321 3886 343 3940 si
369 3887 399 3938 in
424 3886 478 3940 hoc
495 3885 606 3939 nominc
632 3886 694 3951 ἡμω
718 3883 828 3939 litteras
847 3884 1013 3955 compendio
1040 3901 1140 3954 parum
1164 3883 1296 3937 distincto

131 3974 260 4026 exaratas
278 3973 415 4041 putemne.
450 3971 491 4024 Ao
508 3967 673 4023 Lehrsius
695 3969 821 4038 profecto
844 3969 873 4023 in
896 3968 1021 4038 reliquiis
1044 3968 1110 4022 libri
1128 3971 1192 4036 περὶ
1223 3971 1298 4022 Ἰλια-

131 4061 181 4124 silc
199 4057 358 4125 προεῳδία(
377 4060 412 4122 (ν.
426 4053 578 4109 Herodiani
598 4053 654 4107 tria
665 4053 769 4122 scripta
786 4055 895 4108 emend.
912 4073 940 4123 p.
955 4055 1099 4120 tea-336)
1111 4052 1187 4105 huno
1204 4053 1297 4105 locum

130 4139 290 4195 Herodiano
308 4156 364 4194 non
381 4139 546 4203 vindicavit,
566 4139 617 4193 sed
633 4138 686 4192 hoc
704 4139 870 4207 propterea,
894 4139 977 4207 puto,
1002 4137 1083 4206 fecit,
1102 4136 1177 4204 quod
1196 4135 1296 4190 codici·

129 4224 180 4277 bus
198 4224 225 4279 V
244 4227 272 4279 et
288 4225 310 4278 L
329 4222 409 4279 otiis
428 4240 501 4293 quae
518 4223 541 4275 B
560 4239 623 4276 cum
640 4221 683 4276 his
706 4220 865 4276 communia
880 4222 967 4276 habet
991 4222 1114 4275 ‘nuHum
1132 4238 1218 4274 unum
1235 4238 1296 4275 ver-

129 4306 195 4360 bum
224 4309 392 4363 eredendum
418 4317 489 4363 esoe’
516 4307 601 4361 Arist.
627 4325 655 4377 p.
674 4313 705 4361 31
733 4305 811 4360 dixit.
848 4306 978 4361 Ceterum
1006 4312 1098 4361 tacere
1124 4322 1180 4360 non
1207 4306 1297 4361 debeo

129 4390 231 4447 Maur.
250 4392 475 4448 Schmidtium
493 4392 562 4446 mihi
578 4393 651 4448 hanc
668 4390 835 4447 emendandi
851 4391 927 4447 uam
943 4391 1065 4462 benigne
1083 4391 1262 4463 significasse.
