3312 5226
747 418 787 481 37

186 612 399 689 imperativus,
436 630 460 672 π
496 606 556 670 199
593 610 916 690 plusquamperfectum
954 616 1021 678 est,
1060 629 1076 671 a
1114 611 1205 671 verbo
1243 610 1352 691 ἕνννμι

186 711 356 773 descendat.

268 809 379 880 5522.
409 814 442 874 ln
465 816 523 875 line
547 814 681 875 eiusdem
702 813 790 886 libri,
815 812 867 875 ubi
888 813 989 875 Vlixes
1011 816 1088 893 apud
1111 815 1275 879 Eumaeum
1298 813 1381 879 deb

185 916 325 977 cubuIsse
349 923 501 986 narratur,
526 915 670 994 legimus:

226 1013 290 1078 520
648 1015 699 1080 ἐπὶ
721 1018 758 1080 δὲ
780 1018 916 1095 χλαῖναν
941 1014 1036 1096 βάλεν
1060 1015 1147 1098 αὐτῷ

336 1118 459 1196 πυκνὴν
481 1118 533 1181 καὶ
554 1117 711 1198 μεγάλην,
733 1116 752 1194 ἥ
777 1116 807 1181 οἱ
828 1116 1034 1195 παρεκὲεκετ’
1056 1116 1205 1201 ἀμοιβάε,

336 1219 537 1301 ἕνννεθαι,
559 1219 614 1284 ὅτε
636 1240 682 1283 τι(
704 1218 823 1297 χειμὼν
845 1217 1007 1295 ἔκπαγλος
1029 1218 1148 1297 ὄροιτο.

184 1324 282 1384 Schol.
318 1320 547 1400 Ἀριετοφὰνηε
580 1322 630 1385 καὶ
658 1320 784 1386 Ῥιανὸε
817 1319 1012 1401 εἴνυεθαι,
1046 1322 1091 1386 ὼε
1126 1321 1164 1386 τὸ
1195 1324 1288 1401 «θριξὶ
1316 1327 1351 1391 δὲ

183 1423 289 1487 πάντα
310 1424 405 1489 νέκυν
434 1421 643 1487 καταείνυον»
674 1422 714 1504 (Ψ
744 1421 825 1502 135).
854 1424 891 1484 ll.
919 1422 991 1483 lude
1020 1426 1044 1485 si
1068 1425 1247 1487 concludere
1268 1428 1349 1498 licet,

183 1528 332 1587 Rhianum
354 1527 430 1587 hanc
454 1527 579 1587 lormam
599 1545 655 1606 pro
683 1529 813 1604 genuina
843 1533 881 1586 et·
896 1526 1017 1587 Homeri
1047 1530 1168 1608 propria
1197 1529 1348 1600 habuisse,

183 1631 275 1690 etiam
290 1628 377 1707 paulo
393 1634 479 1688 antea
495 1647 522 1688 ν.
538 1624 602 1689 514
617 1631 786 1708 ceterisque
802 1630 833 1689 in
849 1627 995 1698 versibus
1012 1631 1043 1689 iu
1059 1629 1170 1709 quibus
1185 1631 1288 1691 eadem
1306 1633 1350 1693 vel

182 1730 297 1790 similes
324 1730 436 1790 formae
466 1732 658 1809 reperiuntur
687 1732 713 1808 (ζ
740 1726 782 1790 28
809 1727 972 1809 ἕννοεθαι,
1000 1748 1016 1792 ε
1038 1726 1112 1791 229.
1141 1727 1214 1792 230.
1249 1730 1351 1795 κ543

182 1830 307 1911 ἕννυτο)
332 1832 456 1892 eandem
480 1834 675 1893 mutationem
700 1831 872 1893 adhibuisse
888 1832 1055 1893 censendus
1076 1841 1138 1903 est;
1161 1832 1248 1894 aliter
1271 1837 1350 1895 enim

182 1953 241 1994 nou
264 1933 465 2011 intellegitur,
490 1952 544 1995 cur
566 1934 622 1994 hoc
644 1934 838 2013 potissimum
861 1933 927 1994 loco
955 1936 1075 2014 erponi
1103 1952 1191 2013 quam
1214 1954 1233 1998 ν
1255 1939 1349 2013 gemi-

181 2038 248 2097 nari
269 2036 419 2099 maluerit.
464 2034 527 2106 Qua
549 2038 580 2096 iu
608 2055 641 2096 re
664 2038 843 2097 temeritatis
872 2054 939 2097 eum
968 2036 1142 2097 insimulare
1166 2043 1299 2097 rotamur
1321 2046 1351 2098 et

181 2156 328 2197 consensu
351 2134 603 2216 Aristophanis²⁸l
626 2145 657 2198 et
677 2137 813 2218 exemplo
835 2157 852 2199 a
875 2139 1032 2199 scholiasta
1046 2137 1133 2198 allato
1149 2137 1350 2220 καταείνυον,

181 2239 259 2318 quod
282 2240 491 2318 imperfectum
515 2239 599 2300 verbi
621 2239 812 2303 καθεννύναι
840 2249 901 2310 est,
931 2242 979 2300 cui
1006 2239 1075 2300 addi
1103 2248 1203 2320 potest
1225 2239 1349 2305 ἐπείνυ-

180 2343 249 2403 εθαι
271 2341 367 2401 icrma
390 2341 489 2401 ionica
512 2358 568 2420 pro
590 2338 783 2419 ἐφέννιιεθαι
805 2342 882 2421 apud
904 2341 1015 2402 Herod.
1038 2341 1076 2401 lV
1105 2339 1156 2403 64.
1195 2343 1254 2403 Sed
1276 2344 1350 2404 haec

180 2445 245 2520 ipsa
269 2440 404 2520 exempla
426 2442 501 2502 mihi
524 2441 743 2504 dubitationem
767 2450 901 2513 movent,
931 2461 1002 2503 num
1031 2439 1171 2505 εἴνιιεθαι
1200 2453 1282 2505 recte
1311 2449 1350 2506 sit

180 2561 248 2602 eum
272 2544 380 2621 spiritu
404 2543 464 2602 leni
486 2545 647 2622 sculptum3
676 2545 732 2605 hoe
755 2547 834 2605 euim
859 2562 957 2624 neque
980 2562 1017 2604 ex
1038 2542 1228 2608 καταείνυον
1251 2564 1347 2625 neque

180 2665 217 2704 ex
240 2642 419 2706 ἐπείνυεθαι
448 2647 514 2705 iure
542 2645 644 2723 colligi
674 2652 789 2725 potest,
825 2665 892 2706 cum
922 2643 1051 2710 ἑννύναι
1080 2647 1157 2725 apud
1185 2647 1347 2708 Homerum

179 2748 329 2824 digamum
353 2749 533 2807 instructum
555 2750 595 2808 sit
619 2747 683 2826 (cir.
701 2748 735 2808 G.
760 2748 884 2808 Curtii
911 2755 1003 2827 etym.
1027 2765 1072 2825 gr.
1098 2748 1143 2808 ed.
1166 2748 1194 2810 ll
1215 2770 1245 2831 p.
1261 2747 1345 2828 338),

179 2852 211 2909 iu
233 2849 399 2909 recentiore
416 2857 515 2909 autem
538 2849 665 2910 dialecto
687 2850 802 2919 lonica,
826 2868 882 2928 qua
905 2849 1073 2910 Herodotus
1095 2852 1197 2922 utitur,
1220 2870 1346 2932 praepo-

177 2951 301 3012 sitiones
322 2969 389 3011 cum
413 2951 513 3012 verbis
536 2954 716 3029 compositas
744 2969 847 3012 carere
876 2952 1055 3027 aspiratione
1084 2959 1209 3013 constet.
1254 2952 1347 3014 Immo

178 3071 249 3112 vero
277 3055 388 3112 scimus
414 3053 503 3114 lones
531 3054 643 3114 dixisse
666 3050 800 3117 eivt'rvut:
835 3053 908 3132 quid
937 3054 1031 3130 igitur
1066 3056 1172 3113 oaus'ae
1200 3058 1345 3133 reperias,

112 3199 117 3207 .
178 3173 233 3215 cur
255 3154 403 3215 Homerus
425 3139 638 3236 aspirationem
661 3155 815 3216 omiserit?
852 3154 953 3215 Potuit
980 3161 1078 3215 autem
1101 3154 1236 3217 Rhiauus
1257 3159 1346 3218 etiarn

177 3257 267 3317 huius
295 3255 433 3317 lectionis
461 3258 715 3318 confirmationem
739 3274 885 3334 quaerere
907 3275 942 3316 ex
966 3256 1153 3317 Pisistratea:
1188 3276 1255 3317 nam
1279 3277 1347 3321 curn

177 3360 299 3437 antiquo
327 3357 378 3417 illo
408 3366 541 3437 tempore
570 3377 667 3439 neque
696 3360 814 3420 litterae
842 3360 991 3437 geminari
1019 3356 1092 3419 ete
1121 3377 1176 3438 pro
1203 3378 1230 3422 ει
1253 3361 1346 3421 scribi

177 3458 302 3528 soleret,
327 3456 493 3523 ENYOEA!
517 3480 573 3539 pro
595 3457 734 3524 εἴνοεθαι
757 3463 895 3538 accipere
917 3461 1031 3521 uemiui
1053 3479 1112 3521 nou
1142 3460 1259 3522 licebat.

262 3562 306 3622 Ex
340 3561 444 3622 eodem
477 3563 560 3623 fonte
593 3563 718 3623 sortasse
751 3564 962 3642 repetendum,
997 3563 1076 3641 quod
1109 3562 1242 3624 Rhiauns
1265 3566 1281 3630 Ζ
1302 3561 1376 3627 466

177 3662 271 3724 scribi
294 3663 401 3733 voluit,
424 3663 477 3723 ubi
500 3663 642 3744 Olympus
663 3665 711 3726 his
733 3664 870 3725 versibus
892 3664 1088 3725 describitur:

330 3761 523 3843 (Οὔλυμποε)
547 3762 620 3827 οὔτ’
643 3763 785 3842 ἀνέμοιο
806 3764 981 3829 τινὰεεεται
1004 3763 1079 3829 οὔτε
1101 3765 1181 3829 ποτ’
1203 3763 1313 3847 ὄμβρῳ

305 3863 430 3929 δεύεται
454 3862 528 3928 οὔτε
551 3865 631 3943 χιὼν
654 3865 871 3947 ἐπιπίλναται,
894 3865 978 3929 ἀλλὰ
1000 3866 1078 3946 μάλ’
1100 3864 1192 3945 αἴθρη

218 3964 261 4029 45
304 3966 460 4030 πέπταται
482 3965 659 4047 ἀνέφελοε,
683 3968 778 4044 λευκὴ
803 3966 835 4030 δ’
857 3967 1065 4047 ἐπιδέδρομεν
1090 3966 1193 4044 αἴγλη.

304 4074 354 4151 τῷ
377 4068 426 4133 ἔνι
447 4067 619 4148 τέρπονται
641 4067 779 4147 μάκαρεε
801 4070 869 4132 θεοὶ
890 4068 994 4148 ἤματα
1015 4066 1130 4132 πάντα.

245 4307 289 4371 28)
308 4305 379 4374 Aug.
401 4303 574 4358 Nauekius
595 4303 613 4357 l.
641 4303 659 4356 l.
678 4322 706 4373 p.
725 4309 757 4357 47
776 4304 832 4357 nob.
852 4308 884 4357 55
909 4304 1014 4372 probat
1039 4303 1111 4358 hanc
1137 4303 1256 4357 formam
1283 4305 1344 4360 coll.

177 4389 264 4445 εινύω
283 4388 409 4444 aurach.
428 4406 455 4457 p.
475 4394 553 4457 ινιτ,
570 4394 612 4442 τι.
631 4393 706 4457 1871,
724 4395 765 4444 er.
784 4388 874 4458 noym.
892 4388 974 4459 mp.
993 4394 1042 4442 ror
1054 4388 1073 4442 f.
