3312 5226
137 577 248 638 Rhiani
270 577 361 655 vitam
384 576 465 636 tertii
489 574 600 636 saeculi
624 574 780 636 dimidium
804 575 929 636 alterum
954 581 1021 636 ante
1044 593 1143 637 aeram
1167 576 1305 639 Christia-

137 697 206 740 nam
231 680 293 739 sive
316 679 407 739 trium
430 676 668 738 Ptolemaeorum
690 694 784 754 regna
806 677 1012 757 complevisse.

223 779 358 860 Denique
389 781 592 858 comperimus
614 779 778 847 Rhianum,
808 786 968 860 antequam
997 781 1028 839 in
1057 780 1167 840 artium
1195 779 1307 841 littera·

137 899 267 961 rumque
294 881 400 941 studiis
427 879 583 941 elaborare
613 882 642 941 ei
664 880 785 952 liceret,
814 880 1035 942 adulescentem
1064 881 1191 942 eandem
1220 898 1309 958 quam

138 982 249 1043 multos
271 983 345 1043 alios
367 984 447 1043 inter
463 982 594 1044 Graecos
617 990 648 1043 et
669 983 817 1050 Romanos
839 982 977 1043 homines
998 983 1147 1044 litteratos
1169 985 1306 1045 lortunac

137 1083 281 1145 invidiam
303 1092 461 1162 expertum
484 1101 559 1153 esse,
582 1092 616 1145 ut
638 1086 667 1145 in
691 1084 790 1146 servili
808 1084 984 1146 condicione
1007 1086 1121 1145 versari
1137 1093 1305 1163 cogeretur,

138 1189 180 1247 Ac
203 1185 367 1265 palaestrae
391 1186 524 1248 custodis
546 1204 670 1246 munere
693 1204 728 1247 eo
751 1193 885 1268 ternpore
908 1185 1098 1264 lungehatur.
1131 1185 1309 1249 Siebelisius

135 1287 256 1367 quidem
280 1285 310 1348 id
334 1305 442 1366 munus
463 1306 479 1347 a
503 1288 623 1349 servitio
638 1305 762 1367 prorsus
785 1288 949 1350 abhorrere
973 1287 1134 1349 arbitratus
1149 1288 1307 1360 Rhianum,

135 1406 204 1450 cum
227 1390 314 1450 tieret
335 1385 530 1466 παλαίετραε
552 1387 675 1471 φύλαξ,
698 1391 851 1451 hominem
873 1392 920 1452 sui
942 1390 1018 1450 iuris
1033 1390 1125 1450 luisse
1141 1390 1306 1470 putandum

135 1509 201 1552 esse
230 1490 395 1551 contendit.
441 1490 499 1551 Sed
529 1509 595 1553 cum
625 1511 684 1553 non
713 1492 783 1552 satis
812 1485 997 1577 exploratum
1026 1494 1079 1561 sit,
1108 1510 1180 1552 num
1208 1493 1307 1573 palae·

135 1600 216 1654 strae
245 1592 380 1655 custodia
410 1611 425 1652 a
455 1609 542 1653 servo
570 1595 682 1672 suscipi
712 1612 772 1653 non
801 1594 951 1672 potuerit,
985 1612 1082 1673 neque
1110 1593 1309 1674 Hieronymus

137 1693 340 1761 Mercurialis,
364 1694 450 1753 cuius
472 1696 650 1755 auctoritate
674 1694 852 1755 Siehelisius
867 1696 990 1763 nititur,
1015 1698 1185 1756 accuratius
1207 1698 1307 1777 inqui-

136 1797 241 1857 sivisse
263 1796 416 1864 videatur,
440 1794 537 1874 qualis
559 1797 625 1855 eius
647 1797 782 1856 muneris
804 1796 895 1856 luerit
917 1804 1022 1856 natura
1047 1804 1077 1858 et
1098 1794 1306 1877 proprietas7),

136 1906 200 1958 turn
223 1915 293 1956 vero
316 1898 381 1975 ipsa
404 1894 563 1956 verborum
587 1896 758 1966 collocatio,
782 1916 839 1977 qua
855 1898 1038 1978 Hermippus
1054 1899 1100 1959 vix
1123 1907 1236 1960 temere
1251 1900 1308 1960 hoc

136 2000 202 2059 loco
227 2015 298 2059 usus
320 2006 374 2067 est,
399 2015 485 2058 servo
507 1997 623 2059 Rhiano
645 1998 824 2079 palaestram
847 1999 1071 2061 custodiendam
1095 2002 1188 2061 luisse
1212 2004 1306 2063 mani·

136 2101 211 2161 leste
235 2101 343 2177 arguit.
388 2098 465 2170 Quid
488 2100 584 2160 verol.
606 2119 706 2161 nonne
729 2100 923 2179 redarguitur
950 2101 1007 2162 hoc
1036 2081 1179 2163 dilucidis
1206 2102 1307 2165 verbis

137 2201 318 2270 Aristotelis,
349 2203 401 2281 qui
428 2198 916 2282 pot.115p.31,20(aeak.t
942 2202 1034 2264 dicit:
1073 2201 1189 2268 ἐκεῖνον
1220 2204 1301 2281 (Cre-

137 2301 246 2382 tenses)
280 2302 342 2379 γὰρ
370 2299 472 2365 τᾶλλα
499 2300 599 2365 ταύτὰ
626 2303 693 2366 τοῖς
720 2302 852 2368 δούλοις
881 2302 1016 2383 ἐφέντες
1045 2303 1147 2383 μόνον
1175 2303 1305 2384 ἀπειρή-

136 2422 206 2467 καα
227 2403 267 2467 τὰ
288 2402 445 2482 γυμνάαα
466 2403 517 2466 καὶ
537 2403 597 2481 τὴν
619 2408 685 2467 τῶν
708 2401 821 2469 ὅπλων
843 2407 972 2483 ardeant
999 2405 1064 2477 Quo
1086 2409 1258 2468 testimonio
1282 2412 1307 2469 si

139 2508 207 2584 quis
228 2507 273 2568 uti
296 2506 380 2575 velit,
410 2524 516 2566 vereor
544 2524 582 2566 ne
605 2524 665 2566 non
687 2505 813 2566 multum
841 2508 984 2586 proficiat.
1029 2508 1147 2569 Etenim
1176 2507 1307 2569 dubitari

40 2596 46 2602 ’
138 2608 186 2667 vix
208 2614 323 2685 potest,
352 2611 425 2688 quin
455 2625 514 2667 non
542 2614 602 2668 tam
625 2596 848 2687 gymnasiorum
879 2609 1013 2669 aedificia
1041 2628 1130 2688 quam
1161 2613 1306 2672 exercita-

92 2735 94 2739 ·
137 2710 234 2769 tiones
258 2709 326 2769 illae
349 2729 365 2770 a
388 2708 562 2789 philosopho
577 2707 805 2785 intellegantur,
828 2708 938 2790 quihus
953 2709 1158 2772 adulescentes
1180 2730 1307 2793 corpora
1358 2742 1360 2745 ·

134 2811 256 2870 firmare
279 2809 427 2879 solebant,
451 2828 549 2889 neque
565 2818 694 2879 constat,
719 2828 786 2870 cnm
803 2812 938 2874 custodia
953 2811 1118 2893 palaestrae
1135 2816 1305 2875 necessario

135 2912 326 2971 continuatam
354 2910 446 2970 luisse
469 2911 575 2972 harum
597 2913 846 2974 exercitationum
869 2913 1041 2975 societatem
1063 2922 1093 2974 et
1115 2915 1305 2976 administra-

135 3011 261 3081 tionem,
285 3028 363 3090 quae
389 3011 425 3072 ad
454 3013 660 3075 moderatores
688 3014 789 3092 potins
816 3021 847 3074 et
873 3016 1031 3092 magistros
1054 3016 1215 3076 iuventutis
1237 3035 1305 3095 per·

136 3112 266 3183 tinebat,
295 3131 377 3199 ‘quos
404 3113 624 3194 παιδονόμους
652 3121 682 3175 et
704 3112 861 3191 ἀγελάταε
883 3135 900 3177 a
922 3116 1118 3178 Cretensibus
1140 3119 1305 3197 appellatos

136 3233 202 3275 esse
225 3212 376 3292 scimus⁸)
422 3214 482 3278 Sed
503 3223 536 3277 ut
558 3235 661 3278 verum
684 3219 737 3287 sit,
761 3217 841 3297 quod
864 3217 900 3278 de
923 3219 1032 3279 ceteris
1055 3218 1226 3280 civitatibus
1248 3222 1304 3282 mi·

134 3317 213 3377 nime
236 3317 460 3379 concedendum
490 3326 551 3390 est,
581 3319 768 3381 Cretensium
798 3337 899 3381 servos
928 3323 1049 3382 omnino
1077 3320 1150 3381 nihil
1179 3324 1305 3383 rationis

134 3417 275 3478 hahuisse
298 3438 366 3480 curn
388 3423 567 3499 gymnasiis:
589 3423 620 3481 in
644 3421 759 3482 Cretica
783 3420 858 3482 urbe
874 3422 1021 3483 Rhianum
1043 3424 1217 3484 servitutem
1240 3430 1327 3485 ser-'

134 3521 242 3579 vivisse
265 3523 334 3599 quis
355 3521 475 3582 tandem
497 3522 631 3582 evincet?
668 3523 727 3585 Gur
755 3542 816 3584 non
845 3531 962 3605 poterat
989 3526 1072 3594 lieri,
1102 3534 1134 3586 ut
1162 3528 1193 3587 in
1217 3527 1305 3590 Creta

134 3627 220 3681 natus
261 3624 363 3682 nescio
401 3641 458 3703 qua
498 3623 664 3685 calamitate
704 3626 735 3686 in
774 3627 947 3689 servitutem
980 3626 1169 3703 redigeretur
1209 3637 1239 3689 et
1272 3630 1304 3690 in

204 3855 230 3922 7)
248 3851 421 3911 Mercurialis
439 3852 512 3908 euim
531 3854 567 3908 da
584 3855 646 3910 arte
663 3868 757 3924 gymn.
775 3856 789 3909 Ι
812 3862 844 3911 ta
880 3874 943 3912 oum
961 3843 1230 3928 παλαιετραφύλακα
1247 3878 1304 3916 non

134 3938 225 3993 solum
242 3937 334 4008 ipsum
352 3938 489 3992 luctatum
507 3956 580 4005 esse,
599 3955 696 3993 verum
714 3940 800 3995 etiam
817 3941 976 4010 palaestrae
1000 3960 1096 3997 curam
1113 3944 1244 3999 habuisse
1263 3945 1303 3999 di·

134 4033 192 4090 cat,
209 4022 246 4077 ad
263 4040 349 4077 unum
367 4022 516 4079 dumtaxat
533 4023 626 4078 locum
643 4024 822 4095 Hippocratis
839 4027 967 4097 respicit,
986 4028 1060 4082 unde
1078 4029 1131 4083 hoo
1148 4029 1177 4082 in
1195 4030 1303 4085 univcr-

134 4126 195 4162 sum
214 4107 306 4177 colligi
324 4109 503 4178 conpulerit,
522 4126 584 4163 cum
601 4109 759 4180 palaestrae
778 4111 900 4166 custodis
918 4110 994 4182 apud
1011 4112 1143 4181 antiquos
1162 4112 1230 4168 eatis
1248 4116 1302 4170 fre·

134 4210 221 4260 quens
238 4192 344 4247 mentio
362 4193 420 4248 fiat.

202 4279 228 4343 8)
248 4275 302 4331 Cfr.
321 4277 423 4332 Strabo
440 4278 466 4332 X
483 4285 542 4334 483.
565 4278 705 4335 Hoeokius
723 4278 823 4336 Cretae
840 4280 881 4334 ΙΙΙ
902 4300 931 4352 p.
951 4287 1000 4336 100
1012 4298 1074 4350 sqq.
1094 4281 1302 4339 Schoemannus

133 4360 220 4431 antiq.
239 4360 306 4417 iuris
323 4361 428 4431 publici
445 4363 493 4420 Gr.
512 4382 540 4434 p.
559 4369 615 4420 164.
