<?xml version="1.0" encoding="UTF-8"?>
<!DOCTYPE html PUBLIC "-//W3C//DTD XHTML 1.0 Transitional//EN"
    "http://www.w3.org/TR/xhtml1/DTD/xhtml1-transitional.dtd">
<html xmlns="http://www.w3.org/1999/xhtml" xml:lang="en" lang="en">
 <head>
  <title>
</title>
<meta http-equiv="Content-Type" content="text/html;charset=utf-8" />
  <meta name='ocr-system' content='tesseract 3.04.00' />
  <meta name='ocr-capabilities' content='ocr_page ocr_carea ocr_par ocr_line ocrx_word'/>
</head>
<body>
  <div class='ocr_page' id='page_1' title='image "./derhianicretens00rhiagoog_0064.png"; bbox 0 0 3312 5226; ppageno 0'>
   <div class='ocr_carea' id='block_1_1' title="bbox 673 414 823 511">
    <p class='ocr_par' dir='ltr' id='par_1_1' title="bbox 673 414 823 511">
     <span class='ocr_line' id='line_1_1' title="bbox 673 414 823 511; baseline -0.007 0"><span class='ocrx_word' id='word_1_1' title='bbox 673 414 823 511; x_wconf 50' lang='lat' dir='ltr'>Aa„</span> 
     </span>
    </p>
   </div>
   <div class='ocr_carea' id='block_1_2' title="bbox 109 588 1379 4444">
    <p class='ocr_par' dir='ltr' id='par_1_2' title="bbox 162 588 1379 1795">
     <span class='ocr_line' id='line_1_2' title="bbox 163 588 1333 685; baseline -0.002 -20"><span class='ocrx_word' id='word_1_2' title='bbox 163 604 313 665; x_wconf 83' lang='lat' dir='ltr'>Rhianum</span> <span class='ocrx_word' id='word_1_3' title='bbox 335 605 535 666; x_wconf 87' lang='lat' dir='ltr'>revocandum</span> <span class='ocrx_word' id='word_1_4' title='bbox 563 612 610 665; x_wconf 86' lang='lat' dir='ltr'>est</span> <span class='ocrx_word' id='word_1_5' title='bbox 632 601 749 685; x_wconf 83' lang='grc' dir='ltr'>χόλον,</span> <span class='ocrx_word' id='word_1_6' title='bbox 777 604 857 684; x_wconf 89' lang='lat' dir='ltr'>quod</span> <span class='ocrx_word' id='word_1_7' title='bbox 885 610 986 681; x_wconf 85' lang='lat' dir='ltr'>postea</span> <span class='ocrx_word' id='word_1_8' title='bbox 1011 588 1175 663; x_wconf 73' lang='lat' dir='ltr'><strong>Aristarchi</strong></span> <span class='ocrx_word' id='word_1_9' title='bbox 1205 619 1333 663; x_wconf 86' lang='lat' dir='ltr'>assensu</span> 
     </span>
     <span class='ocr_line' id='line_1_3' title="bbox 164 703 1331 788; baseline -0.002 -20"><span class='ocrx_word' id='word_1_10' title='bbox 164 705 392 785; x_wconf 88' lang='lat' dir='ltr'>comprobatum</span> <span class='ocrx_word' id='word_1_11' title='bbox 415 714 445 767; x_wconf 93' lang='lat' dir='ltr'>et</span> <span class='ocrx_word' id='word_1_12' title='bbox 465 708 617 788; x_wconf 88' lang='lat' dir='ltr'>plerisque</span> <span class='ocrx_word' id='word_1_13' title='bbox 642 704 825 768; x_wconf 82' lang='lat' dir='ltr'>editionibus</span> <span class='ocrx_word' id='word_1_14' title='bbox 839 713 1035 783; x_wconf 81' lang='lat' dir='ltr'>propagatum</span> <span class='ocrx_word' id='word_1_15' title='bbox 1052 710 1113 771; x_wconf 89' lang='lat' dir='ltr'>est;</span> <span class='ocrx_word' id='word_1_16' title='bbox 1136 703 1216 785; x_wconf 91' lang='lat' dir='ltr'>quod</span> <span class='ocrx_word' id='word_1_17' title='bbox 1238 722 1331 785; x_wconf 85' lang='lat' dir='ltr'>quao-</span> 
     </span>
     <span class='ocr_line' id='line_1_4' title="bbox 162 799 1331 888; baseline -0.001 -18"><span class='ocrx_word' id='word_1_18' title='bbox 162 817 268 888; x_wconf 89' lang='lat' dir='ltr'>topere</span> <span class='ocrx_word' id='word_1_19' title='bbox 300 799 433 887; x_wconf 80' lang='lat' dir='ltr'>praestet</span> <span class='ocrx_word' id='word_1_20' title='bbox 466 810 586 870; x_wconf 89' lang='lat' dir='ltr'>lectioni</span> <span class='ocrx_word' id='word_1_21' title='bbox 614 807 818 870; x_wconf 85' lang='lat' dir='ltr'>Herodiancae</span> <span class='ocrx_word' id='word_1_22' title='bbox 846 810 894 868; x_wconf 81' lang='lat' dir='ltr'>vix</span> <span class='ocrx_word' id='word_1_23' title='bbox 927 825 1003 887; x_wconf 92' lang='lat' dir='ltr'>opus</span> <span class='ocrx_word' id='word_1_24' title='bbox 1035 813 1081 867; x_wconf 89' lang='lat' dir='ltr'>est</span> <span class='ocrx_word' id='word_1_25' title='bbox 1109 807 1331 869; x_wconf 88' lang='lat' dir='ltr'>demonstrare:</span> 
     </span>
     <span class='ocr_line' id='line_1_5' title="bbox 163 910 1331 992; baseline -0.001 -21"><span class='ocrx_word' id='word_1_26' title='bbox 163 912 281 992; x_wconf 89' lang='lat' dir='ltr'>qualem</span> <span class='ocrx_word' id='word_1_27' title='bbox 309 914 389 973; x_wconf 88' lang='lat' dir='ltr'>enim</span> <span class='ocrx_word' id='word_1_28' title='bbox 419 911 582 973; x_wconf 92' lang='lat' dir='ltr'>barbarum</span> <span class='ocrx_word' id='word_1_29' title='bbox 618 919 648 972; x_wconf 89' lang='lat' dir='ltr'>et</span> <span class='ocrx_word' id='word_1_30' title='bbox 675 912 797 972; x_wconf 91' lang='lat' dir='ltr'>humani</span> <span class='ocrx_word' id='word_1_31' title='bbox 830 928 937 971; x_wconf 89' lang='lat' dir='ltr'>sensus</span> <span class='ocrx_word' id='word_1_32' title='bbox 971 915 1122 989; x_wconf 80' lang='lat' dir='ltr'>expertem</span> <span class='ocrx_word' id='word_1_33' title='bbox 1150 910 1331 988; x_wconf 77' lang='lat' dir='ltr'>lingeremus</span> 
     </span>
     <span class='ocr_line' id='line_1_6' title="bbox 162 1011 1331 1103; baseline -0.003 -28"><span class='ocrx_word' id='word_1_34' title='bbox 162 1013 325 1084; x_wconf 78' lang='lat' dir='ltr'>Achillem,</span> <span class='ocrx_word' id='word_1_35' title='bbox 355 1015 379 1074; x_wconf 92' lang='lat' dir='ltr'>si</span> <span class='ocrx_word' id='word_1_36' title='bbox 407 1016 543 1075; x_wconf 83' lang='lat' dir='ltr'>timuisse</span> <span class='ocrx_word' id='word_1_37' title='bbox 573 1031 642 1089; x_wconf 86' lang='lat' dir='ltr'>eum</span> <span class='ocrx_word' id='word_1_38' title='bbox 665 1015 873 1103; x_wconf 85' lang='lat' dir='ltr'>opinaremur,</span> <span class='ocrx_word' id='word_1_39' title='bbox 903 1029 940 1072; x_wconf 92' lang='lat' dir='ltr'>ne</span> <span class='ocrx_word' id='word_1_40' title='bbox 962 1012 1075 1072; x_wconf 82' lang='lat' dir='ltr'>Priami</span> <span class='ocrx_word' id='word_1_41' title='bbox 1097 1011 1192 1072; x_wconf 88' lang='lat' dir='ltr'>ilcbili</span> <span class='ocrx_word' id='word_1_42' title='bbox 1219 1011 1331 1077; x_wconf 91' lang='lat' dir='ltr'>lamen-</span> 
     </span>
     <span class='ocr_line' id='line_1_7' title="bbox 165 1112 1331 1196; baseline -0.003 -19"><span class='ocrx_word' id='word_1_43' title='bbox 165 1118 276 1177; x_wconf 85' lang='lat' dir='ltr'>tatione</span> <span class='ocrx_word' id='word_1_44' title='bbox 301 1113 402 1196; x_wconf 79' lang='grc' dir='ltr'>(γόον)</span> <span class='ocrx_word' id='word_1_45' title='bbox 435 1117 470 1177; x_wconf 92' lang='lat' dir='ltr'>ad</span> <span class='ocrx_word' id='word_1_46' title='bbox 494 1118 570 1177; x_wconf 91' lang='lat' dir='ltr'>iram</span> <span class='ocrx_word' id='word_1_47' title='bbox 593 1123 624 1177; x_wconf 90' lang='lat' dir='ltr'>et</span> <span class='ocrx_word' id='word_1_48' title='bbox 645 1115 871 1185; x_wconf 88' lang='lat' dir='ltr'>caedemsenis</span> <span class='ocrx_word' id='word_1_49' title='bbox 901 1113 1095 1175; x_wconf 80' lang='lat' dir='ltr'>intelicissimi</span> <span class='ocrx_word' id='word_1_50' title='bbox 1119 1112 1331 1192; x_wconf 77' lang='lat' dir='ltr'>abriperetur?</span> 
     </span>
     <span class='ocr_line' id='line_1_8' title="bbox 164 1212 1330 1298; baseline -0.002 -20"><span class='ocrx_word' id='word_1_51' title='bbox 164 1218 288 1279; x_wconf 89' lang='lat' dir='ltr'>Praeter</span> <span class='ocrx_word' id='word_1_52' title='bbox 306 1219 380 1279; x_wconf 85' lang='lat' dir='ltr'>haec</span> <span class='ocrx_word' id='word_1_53' title='bbox 395 1236 470 1298; x_wconf 87' lang='lat' dir='ltr'>quae</span> <span class='ocrx_word' id='word_1_54' title='bbox 492 1217 580 1279; x_wconf 92' lang='lat' dir='ltr'>modo</span> <span class='ocrx_word' id='word_1_55' title='bbox 600 1219 723 1298; x_wconf 85' lang='lat' dir='ltr'>exposui</span> <span class='ocrx_word' id='word_1_56' title='bbox 747 1218 817 1277; x_wconf 88' lang='lat' dir='ltr'>lieet</span> <span class='ocrx_word' id='word_1_57' title='bbox 838 1218 927 1277; x_wconf 84' lang='lat' dir='ltr'>etiam</span> <span class='ocrx_word' id='word_1_58' title='bbox 944 1218 1093 1285; x_wconf 80' lang='lat' dir='ltr'>conicere,</span> <span class='ocrx_word' id='word_1_59' title='bbox 1108 1232 1164 1294; x_wconf 93' lang='lat' dir='ltr'>pro</span> <span class='ocrx_word' id='word_1_60' title='bbox 1179 1212 1278 1278; x_wconf 89' lang='grc' dir='ltr'>κόλον</span> <span class='ocrx_word' id='word_1_61' title='bbox 1301 1215 1330 1276; x_wconf 92' lang='lat' dir='ltr'>in</span> 
     </span>
     <span class='ocr_line' id='line_1_9' title="bbox 164 1317 1329 1398; baseline -0.003 -18"><span class='ocrx_word' id='word_1_62' title='bbox 164 1320 230 1380; x_wconf 91' lang='lat' dir='ltr'>cod.</span> <span class='ocrx_word' id='word_1_63' title='bbox 254 1319 277 1378; x_wconf 91' lang='lat' dir='ltr'>V</span> <span class='ocrx_word' id='word_1_64' title='bbox 299 1317 396 1383; x_wconf 87' lang='grc' dir='ltr'>κότον</span> <span class='ocrx_word' id='word_1_65' title='bbox 419 1319 578 1398; x_wconf 78' lang='lat' dir='ltr'>legendum</span> <span class='ocrx_word' id='word_1_66' title='bbox 601 1338 681 1390; x_wconf 86' lang='lat' dir='ltr'>esse,</span> <span class='ocrx_word' id='word_1_67' title='bbox 705 1326 737 1380; x_wconf 93' lang='lat' dir='ltr'>ut</span> <span class='ocrx_word' id='word_1_68' title='bbox 752 1319 884 1379; x_wconf 88' lang='lat' dir='ltr'>Rbiauus</span> <span class='ocrx_word' id='word_1_69' title='bbox 906 1319 999 1378; x_wconf 86' lang='lat' dir='ltr'>luerit</span> <span class='ocrx_word' id='word_1_70' title='bbox 1021 1319 1052 1378; x_wconf 93' lang='lat' dir='ltr'>in</span> <span class='ocrx_word' id='word_1_71' title='bbox 1074 1335 1178 1377; x_wconf 91' lang='lat' dir='ltr'>eorum</span> <span class='ocrx_word' id='word_1_72' title='bbox 1193 1334 1329 1387; x_wconf 89' lang='lat' dir='ltr'>numero,</span> 
     </span>
     <span class='ocr_line' id='line_1_10' title="bbox 164 1416 1329 1503; baseline -0.003 -20"><span class='ocrx_word' id='word_1_73' title='bbox 164 1441 239 1503; x_wconf 90' lang='lat' dir='ltr'>quos</span> <span class='ocrx_word' id='word_1_74' title='bbox 262 1420 453 1483; x_wconf 80' lang='lat' dir='ltr'>Aristarchus</span> <span class='ocrx_word' id='word_1_75' title='bbox 474 1423 518 1483; x_wconf 91' lang='lat' dir='ltr'>sic</span> <span class='ocrx_word' id='word_1_76' title='bbox 540 1422 708 1499; x_wconf 64' lang='lat' dir='ltr'>scripsisse,</span> <span class='ocrx_word' id='word_1_77' title='bbox 724 1420 863 1482; x_wconf 87' lang='lat' dir='ltr'>tradidit:</span> <span class='ocrx_word' id='word_1_78' title='bbox 893 1417 929 1482; x_wconf 87' lang='grc' dir='ltr'>ἔν</span> <span class='ocrx_word' id='word_1_79' title='bbox 958 1438 1016 1483; x_wconf 78' lang='lat' dir='ltr'>uta</span> <span class='ocrx_word' id='word_1_80' title='bbox 1044 1416 1158 1499; x_wconf 82' lang='grc' dir='ltr'><strong>κότον,</strong></span> <span class='ocrx_word' id='word_1_81' title='bbox 1186 1418 1238 1479; x_wconf 91' lang='lat' dir='ltr'>sed</span> <span class='ocrx_word' id='word_1_82' title='bbox 1266 1426 1329 1479; x_wconf 88' lang='lat' dir='ltr'>turn</span> 
     </span>
     <span class='ocr_line' id='line_1_11' title="bbox 165 1521 1329 1603; baseline -0.003 -19"><span class='ocrx_word' id='word_1_83' title='bbox 165 1543 224 1584; x_wconf 95' lang='lat' dir='ltr'>non</span> <span class='ocrx_word' id='word_1_84' title='bbox 246 1524 407 1594; x_wconf 88' lang='lat' dir='ltr'>habemus,</span> <span class='ocrx_word' id='word_1_85' title='bbox 438 1524 514 1585; x_wconf 90' lang='lat' dir='ltr'>uode</span> <span class='ocrx_word' id='word_1_86' title='bbox 544 1521 648 1586; x_wconf 84' lang='grc' dir='ltr'>κόπον</span> <span class='ocrx_word' id='word_1_87' title='bbox 676 1524 867 1603; x_wconf 88' lang='lat' dir='ltr'>depravatum</span> <span class='ocrx_word' id='word_1_88' title='bbox 891 1540 956 1582; x_wconf 90' lang='lat' dir='ltr'>esse</span> <span class='ocrx_word' id='word_1_89' title='bbox 979 1522 1127 1590; x_wconf 90' lang='lat' dir='ltr'>dicamus;</span> <span class='ocrx_word' id='word_1_90' title='bbox 1156 1523 1256 1600; x_wconf 86' lang='lat' dir='ltr'>itaque</span> <span class='ocrx_word' id='word_1_91' title='bbox 1280 1521 1329 1581; x_wconf 92' lang='lat' dir='ltr'>illa</span> 
     </span>
     <span class='ocr_line' id='line_1_12' title="bbox 165 1624 1069 1705; baseline -0.003 -19"><span class='ocrx_word' id='word_1_92' title='bbox 165 1624 239 1686; x_wconf 91' lang='lat' dir='ltr'>mibi</span> <span class='ocrx_word' id='word_1_93' title='bbox 261 1628 406 1686; x_wconf 90' lang='lat' dir='ltr'>maiorem</span> <span class='ocrx_word' id='word_1_94' title='bbox 430 1628 493 1686; x_wconf 89' lang='lat' dir='ltr'>veri</span> <span class='ocrx_word' id='word_1_95' title='bbox 517 1628 647 1705; x_wconf 90' lang='lat' dir='ltr'>speciem</span> <span class='ocrx_word' id='word_1_96' title='bbox 670 1643 742 1705; x_wconf 91' lang='lat' dir='ltr'>prae</span> <span class='ocrx_word' id='word_1_97' title='bbox 764 1642 796 1685; x_wconf 90' lang='lat' dir='ltr'>se</span> <span class='ocrx_word' id='word_1_98' title='bbox 819 1625 898 1686; x_wconf 89' lang='lat' dir='ltr'>lerre</span> <span class='ocrx_word' id='word_1_99' title='bbox 921 1624 1069 1684; x_wconf 87' lang='lat' dir='ltr'>videntur.</span> 
     </span>
     <span class='ocr_line' id='line_1_13' title="bbox 249 1716 1379 1795; baseline -0.006 -6"><span class='ocrx_word' id='word_1_100' title='bbox 249 1723 342 1789; x_wconf 72' lang='lat' dir='ltr'>aaa.</span> <span class='ocrx_word' id='word_1_101' title='bbox 388 1726 421 1787; x_wconf 90' lang='lat' dir='ltr'>ln</span> <span class='ocrx_word' id='word_1_102' title='bbox 449 1726 573 1788; x_wconf 89' lang='lat' dir='ltr'>deorum</span> <span class='ocrx_word' id='word_1_103' title='bbox 601 1727 729 1788; x_wconf 89' lang='lat' dir='ltr'>concilio</span> <span class='ocrx_word' id='word_1_104' title='bbox 757 1726 888 1787; x_wconf 87' lang='lat' dir='ltr'>Minerva</span> <span class='ocrx_word' id='word_1_105' title='bbox 917 1726 1038 1795; x_wconf 87' lang='lat' dir='ltr'>suadet,</span> <span class='ocrx_word' id='word_1_106' title='bbox 1073 1733 1106 1787; x_wconf 91' lang='lat' dir='ltr'>ut</span> <span class='ocrx_word' id='word_1_107' title='bbox 1135 1716 1379 1785; x_wconf 76' lang='lat' dir='ltr'>Telenrachus2l</span> 
     </span>
    </p>

    <p class='ocr_par' dir='ltr' id='par_1_3' title="bbox 165 1827 1178 1910">
     <span class='ocr_line' id='line_1_14' title="bbox 165 1827 1178 1910; baseline -0.002 -21"><span class='ocrx_word' id='word_1_108' title='bbox 165 1829 268 1908; x_wconf 76' lang='lat' dir='ltr'>Pylum</span> <span class='ocrx_word' id='word_1_109' title='bbox 291 1837 320 1890; x_wconf 93' lang='lat' dir='ltr'>et</span> <span class='ocrx_word' id='word_1_110' title='bbox 343 1829 479 1910; x_wconf 86' lang='lat' dir='ltr'>Spartam</span> <span class='ocrx_word' id='word_1_111' title='bbox 501 1831 637 1890; x_wconf 90' lang='lat' dir='ltr'>mittatur</span> <span class='ocrx_word' id='word_1_112' title='bbox 659 1830 864 1890; x_wconf 88' lang='lat' dir='ltr'>sciscitaturus</span> <span class='ocrx_word' id='word_1_113' title='bbox 886 1828 923 1888; x_wconf 90' lang='lat' dir='ltr'>de</span> <span class='ocrx_word' id='word_1_114' title='bbox 946 1829 1040 1907; x_wconf 91' lang='lat' dir='ltr'>patris</span> <span class='ocrx_word' id='word_1_115' title='bbox 1063 1827 1178 1888; x_wconf 89' lang='lat' dir='ltr'>reditu:</span> 
     </span>
    </p>

    <p class='ocr_par' dir='ltr' id='par_1_4' title="bbox 291 1926 1230 2020">
     <span class='ocr_line' id='line_1_15' title="bbox 291 1926 1230 2020; baseline -0.001 -27"><span class='ocrx_word' id='word_1_116' title='bbox 291 1928 410 2007; x_wconf 87' lang='grc' dir='ltr'>πέμψω</span> <span class='ocrx_word' id='word_1_117' title='bbox 433 1928 468 1993; x_wconf 83' lang='lat' dir='ltr'>b’</span> <span class='ocrx_word' id='word_1_118' title='bbox 489 1929 522 1992; x_wconf 75' lang='grc' dir='ltr'>ἐκ</span> <span class='ocrx_word' id='word_1_119' title='bbox 545 1927 691 2007; x_wconf 81' lang='grc' dir='ltr'>(πάρτην</span> <span class='ocrx_word' id='word_1_120' title='bbox 713 1947 748 1992; x_wconf 87' lang='grc' dir='ltr'>τε</span> <span class='ocrx_word' id='word_1_121' title='bbox 770 1929 822 1993; x_wconf 83' lang='grc' dir='ltr'>καὶ</span> <span class='ocrx_word' id='word_1_122' title='bbox 843 1927 1010 2020; x_wconf 18' lang='grc' dir='ltr'>ἐεῃΠύλον</span> <span class='ocrx_word' id='word_1_123' title='bbox 1032 1926 1214 2006; x_wconf 85' lang='grc' dir='ltr'>ἠμαθόεντα</span> <span class='ocrx_word' id='word_1_124' title='bbox 1221 1976 1230 2009; x_wconf 84' lang='grc'><strong><em>,</em></strong></span> 
     </span>
    </p>

    <p class='ocr_par' dir='ltr' id='par_1_5' title="bbox 292 2029 1198 2113">
     <span class='ocr_line' id='line_1_16' title="bbox 292 2029 1198 2113; baseline -0.002 -17"><span class='ocrx_word' id='word_1_125' title='bbox 292 2030 408 2096; x_wconf 79' lang='grc' dir='ltr'>νόετον</span> <span class='ocrx_word' id='word_1_126' title='bbox 429 2029 630 2109; x_wconf 79' lang='grc' dir='ltr'>πενκόμενον</span> <span class='ocrx_word' id='word_1_127' title='bbox 653 2030 775 2109; x_wconf 69' lang='grc' dir='ltr'>πατρὸς</span> <span class='ocrx_word' id='word_1_128' title='bbox 796 2029 906 2112; x_wconf 83' lang='grc' dir='ltr'>φίλου,</span> <span class='ocrx_word' id='word_1_129' title='bbox 928 2029 968 2108; x_wconf 89' lang='grc' dir='ltr'>ἤν</span> <span class='ocrx_word' id='word_1_130' title='bbox 989 2050 1056 2094; x_wconf 88' lang='grc' dir='ltr'>που</span> <span class='ocrx_word' id='word_1_131' title='bbox 1078 2029 1198 2113; x_wconf 78' lang='grc' dir='ltr'>ἀκούεῃ</span> 
     </span>
    </p>

    <p class='ocr_par' dir='ltr' id='par_1_6' title="bbox 164 2130 1332 2522">
     <span class='ocr_line' id='line_1_17' title="bbox 291 2130 1209 2216; baseline -0.003 -19"><span class='ocrx_word' id='word_1_132' title='bbox 291 2131 347 2210; x_wconf 75' lang='grc' dir='ltr'>ἠδ’</span> <span class='ocrx_word' id='word_1_133' title='bbox 366 2131 422 2197; x_wconf 81' lang='grc' dir='ltr'>ἵνα</span> <span class='ocrx_word' id='word_1_134' title='bbox 444 2151 496 2210; x_wconf 87' lang='grc' dir='ltr'>μιν</span> <span class='ocrx_word' id='word_1_135' title='bbox 518 2132 612 2197; x_wconf 68' lang='grc' dir='ltr'>κλέος</span> <span class='ocrx_word' id='word_1_136' title='bbox 634 2132 748 2198; x_wconf 66' lang='lat' dir='ltr'>lecito</span> <span class='ocrx_word' id='word_1_137' title='bbox 771 2131 806 2196; x_wconf 90' lang='grc' dir='ltr'>ἐν</span> <span class='ocrx_word' id='word_1_138' title='bbox 829 2130 1044 2210; x_wconf 69' lang='lat' dir='ltr'>coopertorem</span> <span class='ocrx_word' id='word_1_139' title='bbox 1066 2131 1209 2216; x_wconf 79' lang='grc' dir='ltr'>ἔχῃειν.</span> 
     </span>
     <span class='ocr_line' id='line_1_18' title="bbox 165 2232 1332 2318; baseline -0.003 -22"><span class='ocrx_word' id='word_1_140' title='bbox 165 2236 264 2306; x_wconf 88' lang='lat' dir='ltr'>Schol.</span> <span class='ocrx_word' id='word_1_141' title='bbox 287 2233 437 2316; x_wconf 78' lang='grc' dir='ltr'>ἔχῃειν·</span> <span class='ocrx_word' id='word_1_142' title='bbox 460 2233 496 2299; x_wconf 90' lang='grc' dir='ltr'>ἐν</span> <span class='ocrx_word' id='word_1_143' title='bbox 517 2239 556 2318; x_wconf 82' lang='grc' dir='ltr'>τῇ</span> <span class='ocrx_word' id='word_1_144' title='bbox 579 2233 659 2299; x_wconf 82' lang='grc' dir='ltr'>κατὰ</span> <span class='ocrx_word' id='word_1_145' title='bbox 680 2232 809 2299; x_wconf 86' lang='grc' dir='ltr'>Ῥιανὸν</span> <span class='ocrx_word' id='word_1_146' title='bbox 825 2232 983 2313; x_wconf 85' lang='grc' dir='ltr'>γράφεται</span> <span class='ocrx_word' id='word_1_147' title='bbox 1006 2232 1152 2317; x_wconf 69' lang='grc' dir='ltr'>λάβῃκι.</span> <span class='ocrx_word' id='word_1_148' title='bbox 1178 2234 1214 2295; x_wconf 88' lang='grc' dir='ltr'>Η.</span> <span class='ocrx_word' id='word_1_149' title='bbox 1237 2234 1332 2296; x_wconf 86' lang='lat' dir='ltr'>liuius</span> 
     </span>
     <span class='ocr_line' id='line_1_19' title="bbox 165 2336 1331 2416; baseline -0.002 -18"><span class='ocrx_word' id='word_1_150' title='bbox 165 2338 384 2400; x_wconf 88' lang='lat' dir='ltr'>emendationis</span> <span class='ocrx_word' id='word_1_151' title='bbox 404 2340 551 2399; x_wconf 86' lang='lat' dir='ltr'>rationem</span> <span class='ocrx_word' id='word_1_152' title='bbox 573 2337 700 2398; x_wconf 90' lang='lat' dir='ltr'>reddere</span> <span class='ocrx_word' id='word_1_153' title='bbox 729 2336 906 2416; x_wconf 88' lang='lat' dir='ltr'>perdiillcile</span> <span class='ocrx_word' id='word_1_154' title='bbox 935 2344 994 2405; x_wconf 91' lang='lat' dir='ltr'>est,</span> <span class='ocrx_word' id='word_1_155' title='bbox 1024 2354 1091 2396; x_wconf 88' lang='lat' dir='ltr'>cum</span> <span class='ocrx_word' id='word_1_156' title='bbox 1120 2338 1191 2416; x_wconf 89' lang='lat' dir='ltr'>quid</span> <span class='ocrx_word' id='word_1_157' title='bbox 1215 2337 1331 2397; x_wconf 77' lang='lat' dir='ltr'>libiano</span> 
     </span>
     <span class='ocr_line' id='line_1_20' title="bbox 164 2437 1331 2522; baseline -0.003 -22"><span class='ocrx_word' id='word_1_158' title='bbox 164 2443 196 2501; x_wconf 91' lang='lat' dir='ltr'>in</span> <span class='ocrx_word' id='word_1_159' title='bbox 220 2440 311 2501; x_wconf 88' lang='lat' dir='ltr'>verbo</span> <span class='ocrx_word' id='word_1_160' title='bbox 339 2437 445 2522; x_wconf 76' lang='grc' dir='ltr'>ἔχῃειν</span> <span class='ocrx_word' id='word_1_161' title='bbox 474 2440 677 2520; x_wconf 84' lang='lat' dir='ltr'>displicuerit,</span> <span class='ocrx_word' id='word_1_162' title='bbox 711 2457 808 2518; x_wconf 89' lang='lat' dir='ltr'>neque</span> <span class='ocrx_word' id='word_1_163' title='bbox 840 2457 877 2498; x_wconf 84' lang='lat' dir='ltr'>ex</span> <span class='ocrx_word' id='word_1_164' title='bbox 909 2437 1023 2497; x_wconf 91' lang='lat' dir='ltr'>scholio</span> <span class='ocrx_word' id='word_1_165' title='bbox 1051 2456 1149 2516; x_wconf 90' lang='lat' dir='ltr'>neque</span> <span class='ocrx_word' id='word_1_166' title='bbox 1178 2456 1214 2498; x_wconf 88' lang='lat' dir='ltr'>ex</span> <span class='ocrx_word' id='word_1_167' title='bbox 1242 2455 1331 2497; x_wconf 89' lang='lat' dir='ltr'>versu</span> 
     </span>
    </p>

    <p class='ocr_par' dir='ltr' id='par_1_7' title="bbox 109 2538 1379 4341">
     <span class='ocr_line' id='line_1_21' title="bbox 109 2538 1330 2629; baseline -0.002 -27"><span class='ocrx_word' id='word_1_168' title='bbox 109 2624 115 2629; x_wconf 21' lang='lat'>⁵</span> <span class='ocrx_word' id='word_1_169' title='bbox 164 2544 230 2620; x_wconf 90' lang='lat' dir='ltr'>ipso</span> <span class='ocrx_word' id='word_1_170' title='bbox 253 2548 337 2602; x_wconf 89' lang='lat' dir='ltr'>certo</span> <span class='ocrx_word' id='word_1_171' title='bbox 360 2544 501 2619; x_wconf 85' lang='lat' dir='ltr'>cognosci</span> <span class='ocrx_word' id='word_1_172' title='bbox 524 2543 631 2620; x_wconf 71' lang='lat' dir='ltr'>possit:</span> <span class='ocrx_word' id='word_1_173' title='bbox 673 2539 747 2600; x_wconf 90' lang='lat' dir='ltr'>Nam</span> <span class='ocrx_word' id='word_1_174' title='bbox 775 2538 853 2619; x_wconf 85' lang='lat' dir='ltr'>quod</span> <span class='ocrx_word' id='word_1_175' title='bbox 876 2541 922 2599; x_wconf 89' lang='lat' dir='ltr'>rei</span> <span class='ocrx_word' id='word_1_176' title='bbox 946 2540 1109 2609; x_wconf 88' lang='lat' dir='ltr'>inanimae,</span> <span class='ocrx_word' id='word_1_177' title='bbox 1138 2558 1207 2600; x_wconf 90' lang='lat' dir='ltr'>cum</span> <span class='ocrx_word' id='word_1_178' title='bbox 1229 2541 1330 2600; x_wconf 83' lang='lat' dir='ltr'>existi-</span> 
     </span>
     <span class='ocr_line' id='line_1_22' title="bbox 164 2640 1330 2723; baseline -0.003 -19"><span class='ocrx_word' id='word_1_179' title='bbox 164 2645 254 2704; x_wconf 92' lang='lat' dir='ltr'>matio</span> <span class='ocrx_word' id='word_1_180' title='bbox 277 2642 354 2704; x_wconf 91' lang='lat' dir='ltr'>bona</span> <span class='ocrx_word' id='word_1_181' title='bbox 379 2641 481 2723; x_wconf 69' lang='grc' dir='ltr'>(κλέος</span> <span class='ocrx_word' id='word_1_182' title='bbox 503 2640 627 2723; x_wconf 68' lang='lat' dir='ltr'>tealdo)</span> <span class='ocrx_word' id='word_1_183' title='bbox 644 2641 854 2702; x_wconf 87' lang='lat' dir='ltr'>Telemachum</span> <span class='ocrx_word' id='word_1_184' title='bbox 877 2649 979 2701; x_wconf 89' lang='lat' dir='ltr'>tenere</span> <span class='ocrx_word' id='word_1_185' title='bbox 1000 2641 1131 2710; x_wconf 91' lang='lat' dir='ltr'>dicatur,</span> <span class='ocrx_word' id='word_1_186' title='bbox 1155 2641 1240 2721; x_wconf 89' lang='lat' dir='ltr'>quasi</span> <span class='ocrx_word' id='word_1_187' title='bbox 1262 2659 1330 2720; x_wconf 91' lang='lat' dir='ltr'>per-</span> 
     </span>
     <span class='ocr_line' id='line_1_23' title="bbox 164 2742 1330 2825; baseline -0.003 -18"><span class='ocrx_word' id='word_1_188' title='bbox 164 2763 256 2807; x_wconf 90' lang='lat' dir='ltr'>sonae</span> <span class='ocrx_word' id='word_1_189' title='bbox 279 2746 462 2807; x_wconf 88' lang='lat' dir='ltr'>conscieutia</span> <span class='ocrx_word' id='word_1_190' title='bbox 486 2752 516 2806; x_wconf 92' lang='lat' dir='ltr'>et</span> <span class='ocrx_word' id='word_1_191' title='bbox 537 2743 684 2825; x_wconf 85' lang='lat' dir='ltr'>quaedam</span> <span class='ocrx_word' id='word_1_192' title='bbox 705 2743 811 2822; x_wconf 82' lang='lat' dir='ltr'>agendi</span> <span class='ocrx_word' id='word_1_193' title='bbox 831 2751 964 2823; x_wconf 89' lang='lat' dir='ltr'>potestas</span> <span class='ocrx_word' id='word_1_194' title='bbox 986 2742 1144 2814; x_wconf 90' lang='lat' dir='ltr'>tribuitur,</span> <span class='ocrx_word' id='word_1_195' title='bbox 1168 2742 1225 2803; x_wconf 90' lang='lat' dir='ltr'>hoo</span> <span class='ocrx_word' id='word_1_196' title='bbox 1248 2743 1330 2804; x_wconf 90' lang='lat' dir='ltr'>illurn</span> 
     </span>
     <span class='ocr_line' id='line_1_24' title="bbox 165 2840 1330 2928; baseline -0.001 -21"><span class='ocrx_word' id='word_1_197' title='bbox 165 2848 241 2908; x_wconf 92' lang='lat' dir='ltr'>male</span> <span class='ocrx_word' id='word_1_198' title='bbox 264 2846 375 2909; x_wconf 89' lang='lat' dir='ltr'>habere</span> <span class='ocrx_word' id='word_1_199' title='bbox 404 2866 463 2908; x_wconf 91' lang='lat' dir='ltr'>non</span> <span class='ocrx_word' id='word_1_200' title='bbox 487 2849 602 2928; x_wconf 88' lang='lat' dir='ltr'>potuit,</span> <span class='ocrx_word' id='word_1_201' title='bbox 637 2865 705 2907; x_wconf 90' lang='lat' dir='ltr'>cum</span> <span class='ocrx_word' id='word_1_202' title='bbox 734 2848 804 2925; x_wconf 89' lang='lat' dir='ltr'>quia</span> <span class='ocrx_word' id='word_1_203' title='bbox 833 2845 899 2906; x_wconf 89' lang='lat' dir='ltr'>aliis</span> <span class='ocrx_word' id='word_1_204' title='bbox 922 2848 953 2905; x_wconf 92' lang='lat' dir='ltr'>in</span> <span class='ocrx_word' id='word_1_205' title='bbox 980 2844 1131 2916; x_wconf 88' lang='lat' dir='ltr'>versibus,</span> <span class='ocrx_word' id='word_1_206' title='bbox 1166 2853 1199 2906; x_wconf 90' lang='lat' dir='ltr'>ut</span> <span class='ocrx_word' id='word_1_207' title='bbox 1222 2843 1245 2907; x_wconf 91' lang='grc' dir='ltr'>Ρ</span> <span class='ocrx_word' id='word_1_208' title='bbox 1269 2840 1330 2906; x_wconf 87' lang='grc'>143</span> 
     </span>
     <span class='ocr_line' id='line_1_25' title="bbox 163 2945 1330 3028; baseline -0.005 -16"><span class='ocrx_word' id='word_1_209' title='bbox 163 2946 183 3027; x_wconf 88' lang='grc' dir='ltr'>ἦ</span> <span class='ocrx_word' id='word_1_210' title='bbox 207 2947 237 3012; x_wconf 81' lang='lat' dir='ltr'>c&#39;</span> <span class='ocrx_word' id='word_1_211' title='bbox 259 2946 364 3013; x_wconf 76' lang='grc' dir='ltr'>οὕτω(</span> <span class='ocrx_word' id='word_1_212' title='bbox 387 2948 480 3013; x_wconf 77' lang='grc' dir='ltr'>κλέοκ</span> <span class='ocrx_word' id='word_1_213' title='bbox 501 2947 615 3012; x_wconf 65' lang='lat' dir='ltr'>{calor</span> <span class='ocrx_word' id='word_1_214' title='bbox 637 2945 717 3026; x_wconf 87' lang='grc' dir='ltr'>ἔχει,</span> <span class='ocrx_word' id='word_1_215' title='bbox 740 2946 876 3026; x_wconf 79' lang='grc' dir='ltr'>φύξηλιν</span> <span class='ocrx_word' id='word_1_216' title='bbox 892 2945 1002 3028; x_wconf 80' lang='grc' dir='ltr'>ἐόντα,</span> <span class='ocrx_word' id='word_1_217' title='bbox 1025 2947 1129 3008; x_wconf 88' lang='lat' dir='ltr'>eadem</span> <span class='ocrx_word' id='word_1_218' title='bbox 1152 2948 1216 3007; x_wconf 83' lang='lat' dir='ltr'>lere</span> <span class='ocrx_word' id='word_1_219' title='bbox 1239 2945 1330 3007; x_wconf 88' lang='lat' dir='ltr'>verba</span> 
     </span>
     <span class='ocr_line' id='line_1_26' title="bbox 163 3045 1330 3131; baseline -0.003 -20"><span class='ocrx_word' id='word_1_220' title='bbox 163 3052 319 3129; x_wconf 83' lang='lat' dir='ltr'>leguntur,</span> <span class='ocrx_word' id='word_1_221' title='bbox 349 3058 412 3112; x_wconf 88' lang='lat' dir='ltr'>turn</span> <span class='ocrx_word' id='word_1_222' title='bbox 435 3052 503 3131; x_wconf 90' lang='lat' dir='ltr'>quia</span> <span class='ocrx_word' id='word_1_223' title='bbox 532 3049 625 3111; x_wconf 91' lang='lat' dir='ltr'>verbo</span> <span class='ocrx_word' id='word_1_224' title='bbox 648 3067 697 3118; x_wconf 92' lang='lat' dir='ltr'>eo,</span> <span class='ocrx_word' id='word_1_225' title='bbox 721 3049 801 3127; x_wconf 89' lang='lat' dir='ltr'>quod</span> <span class='ocrx_word' id='word_1_226' title='bbox 824 3047 993 3119; x_wconf 89' lang='lat' dir='ltr'>substituit,</span> <span class='ocrx_word' id='word_1_227' title='bbox 1021 3045 1131 3131; x_wconf 81' lang='grc' dir='ltr'>λάβῃει</span> <span class='ocrx_word' id='word_1_228' title='bbox 1160 3048 1215 3109; x_wconf 79' lang='grc' dir='ltr'>λκιο</span> <span class='ocrx_word' id='word_1_229' title='bbox 1243 3050 1274 3108; x_wconf 90' lang='lat' dir='ltr'>in</span> <span class='ocrx_word' id='word_1_230' title='bbox 1296 3065 1330 3108; x_wconf 94' lang='lat' dir='ltr'>re</span> 
     </span>
     <span class='ocr_line' id='line_1_27' title="bbox 164 3150 1329 3232; baseline -0.003 -18"><span class='ocrx_word' id='word_1_231' title='bbox 164 3153 241 3214; x_wconf 90' lang='lat' dir='ltr'>nihil</span> <span class='ocrx_word' id='word_1_232' title='bbox 263 3161 404 3215; x_wconf 89' lang='lat' dir='ltr'>mutatur.</span> <span class='ocrx_word' id='word_1_233' title='bbox 448 3150 594 3231; x_wconf 85' lang='lat' dir='ltr'>Equidem</span> <span class='ocrx_word' id='word_1_234' title='bbox 617 3151 693 3212; x_wconf 92' lang='lat' dir='ltr'>nihil</span> <span class='ocrx_word' id='word_1_235' title='bbox 721 3154 841 3212; x_wconf 88' lang='lat' dir='ltr'>invenio</span> <span class='ocrx_word' id='word_1_236' title='bbox 869 3152 963 3222; x_wconf 87' lang='lat' dir='ltr'>aliud,</span> <span class='ocrx_word' id='word_1_237' title='bbox 992 3170 1081 3232; x_wconf 89' lang='lat' dir='ltr'>quam</span> <span class='ocrx_word' id='word_1_238' title='bbox 1103 3150 1251 3212; x_wconf 86' lang='lat' dir='ltr'>Rhianum</span> <span class='ocrx_word' id='word_1_239' title='bbox 1275 3168 1329 3230; x_wconf 90' lang='lat' dir='ltr'>pu·</span> 
     </span>
     <span class='ocr_line' id='line_1_28' title="bbox 164 3252 1329 3332; baseline -0.003 -15"><span class='ocrx_word' id='word_1_240' title='bbox 164 3257 288 3325; x_wconf 71' lang='lat' dir='ltr'>tamese,</span> <span class='ocrx_word' id='word_1_241' title='bbox 312 3254 489 3315; x_wconf 86' lang='lat' dir='ltr'>Telemacho</span> <span class='ocrx_word' id='word_1_242' title='bbox 511 3272 571 3315; x_wconf 91' lang='lat' dir='ltr'>non</span> <span class='ocrx_word' id='word_1_243' title='bbox 599 3262 659 3314; x_wconf 89' lang='lat' dir='ltr'>tam</span> <span class='ocrx_word' id='word_1_244' title='bbox 690 3254 720 3315; x_wconf 92' lang='lat' dir='ltr'>id</span> <span class='ocrx_word' id='word_1_245' title='bbox 744 3254 892 3332; x_wconf 84' lang='lat' dir='ltr'>agendum</span> <span class='ocrx_word' id='word_1_246' title='bbox 915 3274 995 3325; x_wconf 91' lang='lat' dir='ltr'>esse,</span> <span class='ocrx_word' id='word_1_247' title='bbox 1024 3262 1057 3315; x_wconf 93' lang='lat' dir='ltr'>ut</span> <span class='ocrx_word' id='word_1_248' title='bbox 1084 3252 1194 3315; x_wconf 92' lang='lat' dir='ltr'>bonam</span> <span class='ocrx_word' id='word_1_249' title='bbox 1222 3253 1329 3314; x_wconf 88' lang='lat' dir='ltr'>lamam</span> 
     </span>
     <span class='ocr_line' id='line_1_29' title="bbox 163 3355 1330 3437; baseline -0.003 -18"><span class='ocrx_word' id='word_1_250' title='bbox 163 3356 302 3427; x_wconf 90' lang='lat' dir='ltr'>haberet,</span> <span class='ocrx_word' id='word_1_251' title='bbox 326 3374 415 3437; x_wconf 88' lang='lat' dir='ltr'>quam</span> <span class='ocrx_word' id='word_1_252' title='bbox 437 3362 470 3416; x_wconf 92' lang='lat' dir='ltr'>ut</span> <span class='ocrx_word' id='word_1_253' title='bbox 491 3357 787 3437; x_wconf 86' lang='lat' dir='ltr'>adipisceretur.</span> <span class='ocrx_word' id='word_1_254' title='bbox 824 3357 942 3418; x_wconf 85' lang='lat' dir='ltr'>Etenim</span> <span class='ocrx_word' id='word_1_255' title='bbox 964 3376 1031 3417; x_wconf 86' lang='lat' dir='ltr'>curn</span> <span class='ocrx_word' id='word_1_256' title='bbox 1055 3375 1091 3416; x_wconf 88' lang='lat' dir='ltr'>eo</span> <span class='ocrx_word' id='word_1_257' title='bbox 1113 3355 1232 3436; x_wconf 87' lang='lat' dir='ltr'>quidem</span> <span class='ocrx_word' id='word_1_258' title='bbox 1255 3361 1330 3415; x_wconf 89' lang='lat' dir='ltr'>tem·</span> 
     </span>
     <span class='ocr_line' id='line_1_30' title="bbox 164 3448 1330 3539; baseline -0.002 -20"><span class='ocrx_word' id='word_1_259' title='bbox 164 3476 239 3539; x_wconf 89' lang='lat' dir='ltr'>pore</span> <span class='ocrx_word' id='word_1_260' title='bbox 261 3476 358 3539; x_wconf 89' lang='lat' dir='ltr'>neque</span> <span class='ocrx_word' id='word_1_261' title='bbox 380 3476 542 3539; x_wconf 88' lang='lat' dir='ltr'>procorum</span> <span class='ocrx_word' id='word_1_262' title='bbox 570 3458 759 3519; x_wconf 89' lang='lat' dir='ltr'>insolentiam</span> <span class='ocrx_word' id='word_1_263' title='bbox 786 3448 927 3520; x_wconf 82' lang='lat' dir='ltr'>coercere</span> <span class='ocrx_word' id='word_1_264' title='bbox 955 3466 1078 3520; x_wconf 87' lang='lat' dir='ltr'>conatus</span> <span class='ocrx_word' id='word_1_265' title='bbox 1106 3475 1204 3537; x_wconf 85' lang='lat' dir='ltr'>neque</span> <span class='ocrx_word' id='word_1_266' title='bbox 1233 3464 1265 3518; x_wconf 91' lang='lat' dir='ltr'>ut</span> <span class='ocrx_word' id='word_1_267' title='bbox 1293 3456 1330 3517; x_wconf 91' lang='lat' dir='ltr'>de</span> 
     </span>
     <span class='ocr_line' id='line_1_31' title="bbox 163 3560 1332 3643; baseline -0.002 -22"><span class='ocrx_word' id='word_1_268' title='bbox 163 3562 258 3643; x_wconf 92' lang='lat' dir='ltr'>patris</span> <span class='ocrx_word' id='word_1_269' title='bbox 279 3567 359 3622; x_wconf 89' lang='lat' dir='ltr'>sorte</span> <span class='ocrx_word' id='word_1_270' title='bbox 382 3562 457 3621; x_wconf 89' lang='lat' dir='ltr'>certi</span> <span class='ocrx_word' id='word_1_271' title='bbox 480 3560 550 3640; x_wconf 92' lang='lat' dir='ltr'>quid</span> <span class='ocrx_word' id='word_1_272' title='bbox 572 3561 771 3639; x_wconf 89' lang='lat' dir='ltr'>comperiret,</span> <span class='ocrx_word' id='word_1_273' title='bbox 800 3562 831 3620; x_wconf 93' lang='lat' dir='ltr'>in</span> <span class='ocrx_word' id='word_1_274' title='bbox 862 3568 979 3621; x_wconf 82' lang='lat' dir='ltr'>exteras</span> <span class='ocrx_word' id='word_1_275' title='bbox 1001 3570 1096 3620; x_wconf 86' lang='lat' dir='ltr'>terras</span> <span class='ocrx_word' id='word_1_276' title='bbox 1124 3560 1332 3640; x_wconf 80' lang='lat' dir='ltr'>peregrinatus</span> 
     </span>
     <span class='ocr_line' id='line_1_32' title="bbox 165 3661 1331 3741; baseline -0.003 -17"><span class='ocrx_word' id='word_1_277' title='bbox 165 3670 257 3732; x_wconf 87' lang='lat' dir='ltr'>esset,</span> <span class='ocrx_word' id='word_1_278' title='bbox 282 3661 333 3723; x_wconf 92' lang='lat' dir='ltr'>sed</span> <span class='ocrx_word' id='word_1_279' title='bbox 358 3664 421 3723; x_wconf 89' lang='lat' dir='ltr'>siue</span> <span class='ocrx_word' id='word_1_280' title='bbox 445 3663 564 3722; x_wconf 86' lang='lat' dir='ltr'>nomine</span> <span class='ocrx_word' id='word_1_281' title='bbox 587 3668 617 3720; x_wconf 90' lang='lat' dir='ltr'>et</span> <span class='ocrx_word' id='word_1_282' title='bbox 639 3663 772 3740; x_wconf 92' lang='lat' dir='ltr'>aprocis</span> <span class='ocrx_word' id='word_1_283' title='bbox 794 3668 982 3741; x_wconf 90' lang='lat' dir='ltr'>contemptus</span> <span class='ocrx_word' id='word_1_284' title='bbox 997 3661 1154 3722; x_wconf 88' lang='lat' dir='ltr'>obscuram</span> <span class='ocrx_word' id='word_1_285' title='bbox 1170 3663 1331 3740; x_wconf 92' lang='lat' dir='ltr'>pueritiam</span> 
     </span>
     <span class='ocr_line' id='line_1_33' title="bbox 165 3762 1331 3843; baseline -0.004 -17"><span class='ocrx_word' id='word_1_286' title='bbox 165 3765 311 3843; x_wconf 81' lang='lat' dir='ltr'>degisset,</span> <span class='ocrx_word' id='word_1_287' title='bbox 340 3764 465 3842; x_wconf 79' lang='lat' dir='ltr'>gloriam</span> <span class='ocrx_word' id='word_1_288' title='bbox 494 3762 552 3824; x_wconf 93' lang='lat' dir='ltr'>sibi</span> <span class='ocrx_word' id='word_1_289' title='bbox 580 3780 640 3824; x_wconf 92' lang='lat' dir='ltr'>non</span> <span class='ocrx_word' id='word_1_290' title='bbox 668 3766 726 3824; x_wconf 90' lang='lat' dir='ltr'>iam</span> <span class='ocrx_word' id='word_1_291' title='bbox 755 3770 979 3842; x_wconf 85' lang='lat' dir='ltr'>comparaverat</span> <span class='ocrx_word' id='word_1_292' title='bbox 1005 3781 1101 3842; x_wconf 89' lang='lat' dir='ltr'>aeque</span> <span class='ocrx_word' id='word_1_293' title='bbox 1130 3762 1201 3843; x_wconf 87' lang='lat' dir='ltr'>quid</span> <span class='ocrx_word' id='word_1_294' title='bbox 1231 3762 1267 3822; x_wconf 88' lang='lat' dir='ltr'>de</span> <span class='ocrx_word' id='word_1_295' title='bbox 1295 3779 1331 3821; x_wconf 93' lang='lat' dir='ltr'>eo</span> 
     </span>
     <span class='ocr_line' id='line_1_34' title="bbox 164 3848 1331 3946; baseline -0.004 -19"><span class='ocrx_word' id='word_1_296' title='bbox 164 3864 396 3946; x_wconf 81' lang='lat' dir='ltr'>exspectandum</span> <span class='ocrx_word' id='word_1_297' title='bbox 418 3872 498 3926; x_wconf 87' lang='lat' dir='ltr'>esset</span> <span class='ocrx_word' id='word_1_298' title='bbox 518 3866 591 3926; x_wconf 92' lang='lat' dir='ltr'>sciri</span> <span class='ocrx_word' id='word_1_299' title='bbox 613 3871 740 3946; x_wconf 90' lang='lat' dir='ltr'>poterat.</span> <span class='ocrx_word' id='word_1_300' title='bbox 771 3848 838 3924; x_wconf 88' lang='lat' dir='ltr'>Sed</span> <span class='ocrx_word' id='word_1_301' title='bbox 852 3866 940 3925; x_wconf 86' lang='lat' dir='ltr'>lactis</span> <span class='ocrx_word' id='word_1_302' title='bbox 960 3866 999 3925; x_wconf 92' lang='lat' dir='ltr'>iis</span> <span class='ocrx_word' id='word_1_303' title='bbox 1021 3882 1096 3944; x_wconf 89' lang='lat' dir='ltr'>quae</span> <span class='ocrx_word' id='word_1_304' title='bbox 1118 3864 1250 3924; x_wconf 86' lang='lat' dir='ltr'>Minerva</span> <span class='ocrx_word' id='word_1_305' title='bbox 1264 3863 1331 3922; x_wconf 88' lang='lat' dir='ltr'>fieri</span> 
     </span>
     <span class='ocr_line' id='line_1_35' title="bbox 164 3963 1329 4038; baseline -0.005 -10"><span class='ocrx_word' id='word_1_306' title='bbox 164 3968 271 4038; x_wconf 91' lang='lat' dir='ltr'>voluit,</span> <span class='ocrx_word' id='word_1_307' title='bbox 295 3969 320 4028; x_wconf 92' lang='lat' dir='ltr'>si</span> <span class='ocrx_word' id='word_1_308' title='bbox 343 3969 442 4028; x_wconf 91' lang='lat' dir='ltr'>minus</span> <span class='ocrx_word' id='word_1_309' title='bbox 464 3984 603 4037; x_wconf 84' lang='lat' dir='ltr'>necesse,</span> <span class='ocrx_word' id='word_1_310' title='bbox 627 3974 656 4027; x_wconf 88' lang='lat' dir='ltr'>at</span> <span class='ocrx_word' id='word_1_311' title='bbox 678 3969 741 4027; x_wconf 91' lang='lat' dir='ltr'>veri</span> <span class='ocrx_word' id='word_1_312' title='bbox 757 3965 854 4028; x_wconf 90' lang='lat' dir='ltr'>simile</span> <span class='ocrx_word' id='word_1_313' title='bbox 878 3973 943 4027; x_wconf 91' lang='lat' dir='ltr'>erat</span> <span class='ocrx_word' id='word_1_314' title='bbox 965 3967 1098 4026; x_wconf 90' lang='lat' dir='ltr'>iuturum</span> <span class='ocrx_word' id='word_1_315' title='bbox 1122 3983 1203 4035; x_wconf 89' lang='lat' dir='ltr'>esse,</span> <span class='ocrx_word' id='word_1_316' title='bbox 1225 3971 1259 4023; x_wconf 85' lang='lat' dir='ltr'>ut</span> <span class='ocrx_word' id='word_1_317' title='bbox 1273 3963 1329 4023; x_wconf 92' lang='lat' dir='ltr'>Te-</span> 
     </span>
     <span class='ocr_line' id='line_1_36' title="bbox 163 4065 1331 4146; baseline -0.006 -15"><span class='ocrx_word' id='word_1_318' title='bbox 163 4070 315 4131; x_wconf 90' lang='lat' dir='ltr'>lemachus</span> <span class='ocrx_word' id='word_1_319' title='bbox 348 4068 461 4130; x_wconf 90' lang='lat' dir='ltr'>strenui</span> <span class='ocrx_word' id='word_1_320' title='bbox 493 4076 524 4129; x_wconf 92' lang='lat' dir='ltr'>et</span> <span class='ocrx_word' id='word_1_321' title='bbox 555 4069 642 4128; x_wconf 85' lang='lat' dir='ltr'>lortis</span> <span class='ocrx_word' id='word_1_322' title='bbox 670 4066 870 4129; x_wconf 85' lang='lat' dir='ltr'>adulescentis</span> <span class='ocrx_word' id='word_1_323' title='bbox 901 4067 1018 4129; x_wconf 88' lang='lat' dir='ltr'>laudem</span> <span class='ocrx_word' id='word_1_324' title='bbox 1050 4065 1269 4146; x_wconf 90' lang='lat' dir='ltr'>adipisceretur</span> <span class='ocrx_word' id='word_1_325' title='bbox 1302 4071 1331 4124; x_wconf 89' lang='lat' dir='ltr'>et</span> 
     </span>
     <span class='ocr_line' id='line_1_37' title="bbox 162 4169 675 4251; baseline -0.008 -18"><span class='ocrx_word' id='word_1_326' title='bbox 162 4171 243 4234; x_wconf 89' lang='lat' dir='ltr'>filius</span> <span class='ocrx_word' id='word_1_327' title='bbox 264 4178 350 4251; x_wconf 87' lang='lat' dir='ltr'>patre</span> <span class='ocrx_word' id='word_1_328' title='bbox 374 4170 483 4248; x_wconf 81' lang='lat' dir='ltr'>dignus</span> <span class='ocrx_word' id='word_1_329' title='bbox 504 4169 675 4231; x_wconf 87' lang='lat' dir='ltr'>haberetur.</span> 
     </span>
     <span class='ocr_line' id='line_1_38' title="bbox 248 4262 1379 4341; baseline -0.007 -6"><span class='ocrx_word' id='word_1_330' title='bbox 248 4291 270 4335; x_wconf 90' lang='grc' dir='ltr'>α</span> <span class='ocrx_word' id='word_1_331' title='bbox 294 4269 364 4333; x_wconf 83' lang='grc'><strong>124.</strong></span> <span class='ocrx_word' id='word_1_332' title='bbox 394 4271 541 4341; x_wconf 87' lang='lat' dir='ltr'>Minerva,</span> <span class='ocrx_word' id='word_1_333' title='bbox 566 4271 681 4332; x_wconf 88' lang='lat' dir='ltr'>Meotae</span> <span class='ocrx_word' id='word_1_334' title='bbox 703 4271 798 4332; x_wconf 91' lang='lat' dir='ltr'>lorma</span> <span class='ocrx_word' id='word_1_335' title='bbox 821 4270 939 4339; x_wconf 90' lang='lat' dir='ltr'>induta,</span> <span class='ocrx_word' id='word_1_336' title='bbox 965 4268 1015 4330; x_wconf 89' lang='lat' dir='ltr'>ubi</span> <span class='ocrx_word' id='word_1_337' title='bbox 1037 4269 1159 4329; x_wconf 91' lang='lat' dir='ltr'>domum</span> <span class='ocrx_word' id='word_1_338' title='bbox 1181 4268 1275 4330; x_wconf 81' lang='lat' dir='ltr'>Vlixis</span> <span class='ocrx_word' id='word_1_339' title='bbox 1297 4262 1379 4331; x_wconf 76' lang='lat' dir='ltr'>sc22</span> 
     </span>
    </p>

    <p class='ocr_par' dir='ltr' id='par_1_8' title="bbox 162 4371 952 4444">
     <span class='ocr_line' id='line_1_39' title="bbox 162 4371 952 4444; baseline -0.008 -7"><span class='ocrx_word' id='word_1_340' title='bbox 162 4374 304 4444; x_wconf 89' lang='lat' dir='ltr'>contulit,</span> <span class='ocrx_word' id='word_1_341' title='bbox 327 4391 342 4435; x_wconf 90' lang='lat' dir='ltr'>a</span> <span class='ocrx_word' id='word_1_342' title='bbox 366 4371 545 4436; x_wconf 87' lang='lat' dir='ltr'>Telemacho</span> <span class='ocrx_word' id='word_1_343' title='bbox 567 4371 650 4435; x_wconf 90' lang='lat' dir='ltr'>bisce</span> <span class='ocrx_word' id='word_1_344' title='bbox 663 4371 772 4433; x_wconf 63' lang='lat' dir='ltr'>‘verbis</span> <span class='ocrx_word' id='word_1_345' title='bbox 793 4371 952 4434; x_wconf 77' lang='lat' dir='ltr'>salutatur:</span> 
     </span>
    </p>
   </div>
   <div class='ocr_carea' id='block_1_3' title="bbox 0 0 1660 5226">
    <p class='ocr_par' dir='ltr' id='par_1_9' title="bbox 0 0 1660 5226">
     <span class='ocr_line' id='line_1_40' title="bbox 0 0 1660 5226; baseline 0 0"><span class='ocrx_word' id='word_1_346' title='bbox 0 0 1660 5226; x_wconf 95' lang='lat' dir='ltr'> </span> 
     </span>
    </p>
   </div>
  </div>
 </body>
</html>
