3312 5226
704 434 723 497 7

82 658 85 663 <
131 629 233 687 matim
256 626 393 704 scripsit,
422 623 581 684 lacobus
609 625 655 684 La
684 621 893 702 Rocbius4),
928 644 1106 705 quamquam
1135 628 1297 689 adrerum

131 728 223 788 multo
245 729 369 807 propius
397 727 539 794 accessit,
569 743 634 786 eam
657 743 721 786 rem
750 728 790 786 ita
813 726 975 788 absolvisse
1004 728 1152 807 putandus
1175 737 1235 799 est,
1266 739 1299 791 ut

130 847 238 909 aquas,
267 835 300 887 ut
328 829 427 896 aiunt,
457 828 487 886 in
515 844 598 886 mare
626 827 761 887 videatur
783 827 924 898 sundere,
953 831 1005 908 qui
1034 830 1158 891 eandem
1188 833 1297 893 iterare

130 930 334 1009 aggrediatur.

215 1035 309 1102 Quum
339 1029 376 1091 oh
406 1049 525 1091 causam
556 1030 634 1111 quod
657 1031 733 1092 hanc
757 1035 1053 1103 commentationem,
1082 1054 1170 1114 quam
1192 1056 1297 1097 novem

133 1133 242 1193 abhinc
276 1151 382 1202 annuo,
418 1152 486 1192 cum
518 1133 606 1194 lenae
642 1133 820 1194 Mauricii
854 1134 1059 1195 Schmidtii
1094 1141 1298 1217 praeceptoris

131 1252 245 1295 summe
261 1234 423 1296 venerandi
439 1234 598 1314 disciplina
619 1233 741 1303 utebar,
765 1234 1003 1297 adulescentulus
1019 1239 1195 1316 conscripsi,
1219 1259 1298 1300 nnnc

131 1337 229 1396 denuo
244 1338 404 1398 retractavi
421 1344 451 1395 ct
473 1335 665 1414 amplificavi,
695 1336 809 1396 diutius
825 1338 855 1396 in
872 1339 1055 1399 scriniorum
1070 1338 1177 1401 umbra
1204 1341 1297 1401 iatere

130 1438 228 1507 nolui,
259 1457 317 1498 non
346 1438 515 1497 defuturam
539 1437 614 1497 mibi
637 1439 860 1498 excusationem
883 1457 986 1518 spero,
1017 1459 1084 1500 cum
1108 1459 1212 1502 omncs
1233 1444 1297 1503 iore

130 1556 234 1598 versus
256 1538 423 1607 Homerici,
447 1557 521 1617 qaros
536 1538 670 1599 Rhianus
686 1541 846 1599 mutavisse
862 1541 968 1610 iertur',
986 1552 1037 1602 aut
1053 1543 1226 1628 difficultate
1243 1545 1297 1605 aii·

130 1659 187 1718 qvia
211 1639 346 1700 laborent
374 1647 424 1699 aut
453 1642 473 1700 ii
503 1641 578 1709 sint,
611 1639 780 1719 dequibus
804 1649 901 1702 nostra
931 1662 1048 1723 quoque
1079 1652 1191 1714 aetate,
1221 1665 1297 1725 quae
1358 1700 1361 1705 ,

132 1740 175 1800 vei
191 1742 318 1801 maxime
334 1740 440 1819 flagret
456 1742 503 1802 bis
519 1742 635 1812 studiis,
659 1741 784 1803 uberius
799 1744 952 1824 disputare
974 1764 1082 1826 operae
1098 1742 1229 1827 pretium
1245 1750 1296 1810 sit.

597 1965 825 1974 ————-—--

693 2134 722 2208 I.

213 2301 385 2362 disserendi
414 2303 569 2363 exordium
593 2323 608 2364 a
637 2306 712 2364 vita
735 2305 844 2365 Rhiani
867 2309 1034 2385 capiamus,
1064 2326 1151 2387 quam
1175 2309 1295 2387 quidem

129 2423 192 2463 rem
215 2404 261 2464 vei
284 2403 383 2465 obiter
406 2407 552 2481 attingere
576 2412 645 2484 post
659 2404 802 2466 Mcinekii
826 2425 922 2467 curas.
940 2411 1082 2485 egregias·
1098 2411 1295 2488 supersedere

128 2524 298 2583 possemuS,
328 2507 385 2565 nisi
415 2508 446 2565 in
475 2508 550 2585 ipsis
579 2505 642 2575 bic,
672 2524 748 2584 quae
775 2509 821 2565 vir
851 2507 1075 2569 eruditissimus
1101 2512 1295 2588 investigasse

128 2606 187 2666 sibi
207 2609 289 2667 visus
311 2615 372 2677 est,
395 2606 537 2667 nonnulla
554 2604 769 2667 dubitationem
786 2616 955 2679 moverent;
978 2619 1134 2687 praeterea
1157 2613 1296 2674 siminus

127 2709 252 2788 paucula
286 2705 412 2777 addere,
447 2715 477 2767 at
511 2707 567 2768 alia
601 2711 697 2786 magis
731 2710 906 2776 confirmare
941 2711 1009 2772 iicet
1043 2720 1073 2772 et
1106 2713 1177 2774 inde
1211 2716 1294 2776 utiii·

128 2812 196 2871 tatis
218 2810 332 2890 aiiquid
356 2809 538 2870 redundabit
560 2809 596 2869 ad
619 2829 669 2879 ea,
699 2828 774 2890 quae
798 2812 941 2892 deinceps
962 2816 993 2874 in
1016 2817 1222 2893 quaestionem
1244 2836 1294 2876 vo·

127 2912 221 2973 canda
244 2918 323 2976 sunt.

211 3016 307 3094 Atque
330 3015 411 3074 inter
433 3031 543 3092 paucos
566 3013 834 3093 iliosscriptoreS,
859 3017 911 3095 qui
933 3016 1041 3077 Rhiani
1066 3019 1143 3077 vitae
1166 3021 1292 3079 mentio-

125 3136 194 3178 nem
218 3118 401 3184 iniecerunt,
426 3116 600 3194 primarium
623 3115 682 3176 sibi
705 3116 802 3176 iocum
824 3116 955 3178 vindicat
977 3117 1127 3188 Suidas,
1152 3121 1203 3198 qui
1226 3140 1250 3180 s.
1266 3140 1292 3180 v.

125 3220 217 3280 tradit
239 3217 327 3278 haec:
365 3214 507 3297 ‘Pruvdc‚
536 3213 555 3278 ὁ
579 3215 630 3279 καὶ
655 3215 751 3298 Κρής,
775 3215 823 3281 ὢν
847 3217 994 3296 Βηναῖος.
1034 3218 1119 3297 Βήνη
1141 3220 1178 3283 δὲ
1200 3220 1294 3286 πόλις

127 3319 261 3398 Κρήτης·
289 3317 374 3382 τινὲς
395 3318 431 3382 δὲ
458 3317 626 3400 Κεραῖτην,
648 3316 742 3383 ἄλλοι
763 3319 799 3383 δὲ
821 3319 950 3398 Ἰθώμης
971 3323 1028 3398 τῆς
1051 3321 1215 3400 Μεςςήνης
1237 3322 1293 3386 αὐ-

123 3420 182 3485 τὸν
209 3418 385 3498 ἱςτόρηςαν.
429 3417 526 3483 οὗτος
555 3420 591 3483 δὲ
620 3417 660 3496 ἦν
687 3418 743 3498 τῆς
771 3420 966 3499 παλαίςτρας
998 3422 1159 3502 πρότερον
1188 3423 1293 3504 φύλαξ

124 3521 175 3586 καὶ
196 3522 323 3585 δοῦλος.
347 3519 479 3598 ὕςτερον
501 3522 537 3585 δὲ
559 3521 740 3585 παιδευθεὶς
761 3519 891 3597 ἐγένετο
906 3524 1135 3603 γραμματικός,
1158 3525 1292 3606 ςύγχρο-

124 3643 183 3688 νος
205 3621 458 3700 Ἐρατοςθένους.
482 3621 627 3711 ἔγραψεν
650 3622 789 3702 ἔμμετρα
810 3625 987 3708 ποιήματα,
1015 3625 1227 3705 Ἡρακλειάδα
1255 3627 1290 3692 ἐν

125 3722 253 3806 βιβλίοις
275 3723 443 3802 τέτταρςιν.

80 3818 82 3823 ’
208 3827 319 3888 Eadem
347 3827 411 3887 scre
441 3826 517 3905 apud
546 3826 745 3888 Eudociam
774 3829 841 3890 vicl.
871 3850 900 3908 p.
924 3827 985 3890 371
1016 3832 1172 3908 leguntur:
1210 3829 1292 3907 Περὶ

123 3929 252 3994 Ῥιανοῦ
273 3930 331 3991 τοῦ
354 3929 580 4006 γραμματικοῦ.
617 3925 743 3993 Ῥιανὸς
769 3927 865 4008 Κρής,
889 3930 1104 4009 γραμματικὸς
1126 3929 1160 3993 ἐκ
1177 3929 1288 4007 Βήνης.

123 4031 216 4095 πόλις
238 4030 274 4094 δὲ
296 4026 375 4107 αὕτη
401 4028 535 4107 Κρήτης·
557 4027 641 4092 τινὲς
663 4029 699 4092 δὲ
724 4029 891 4112 Κεραΐτην,
920 4029 1014 4094 ἄλλοι
1035 4031 1071 4095 δὲ
1094 4030 1213 4108 Ἰθάκης
1234 4033 1290 4107 τῆς

124 4131 288 4208 Μεςςήνης
310 4129 410 4195 αὐτὸν
436 4129 603 4208 ἱςτόρηςαν
632 4140 706 4212 cet,
735 4131 787 4191 ubi
810 4129 943 4213 Ἰθάκης,
965 4133 1043 4213 quod
1067 4135 1156 4192 etiam
1180 4132 1289 4194 Suidae

114 4234 242 4295 'codices
264 4234 428 4293 deteriores
449 4236 621 4312 occupavit,
645 4241 747 4312 aperte
769 4232 944 4294 mendosum
967 4244 1022 4295 est.

121 4343 326 4353 -—

191 4383 217 4450 t)
236 4380 287 4436 Die
306 4380 478 4436 homerische
496 4380 654 4437 Texikriiik
671 4381 710 4437 im
727 4381 886 4438 Alterthum
905 4382 1007 4454 (Leipz.
1028 4385 1103 4451 1866)
1120 4389 1209 4454 p,.43.
1226 4392 1267 4441 44.
