3312 5226
730 322 770 386 87

256 508 366 576 (420.
412 512 628 590 Amphinomus
657 531 767 593 procos
795 512 983 584 adhortatus,
1019 520 1052 575 ut
1078 523 1234 594 postquam
1262 515 1389 581 liba-44

170 616 282 683 verint,
316 615 436 675 domum
468 615 596 694 profecti
629 614 824 686 decumbant,
858 616 986 676 orationi
1020 617 1109 676 finem
1134 618 1252 696 inponit
1290 617 1337 679 his

171 715 284 776 verbis:
1103 698 1106 704 ¹

296 815 355 882 τὸν
377 817 484 883 ξεῖνον
507 817 543 881 δὲ
564 816 669 896 ἐῶμεν
692 815 751 883 ἐνὶ
772 816 960 896 μεγάροιε
982 817 1170 897 Ὀδυεῆοε

296 916 471 1001 Τηλεμάχῳ
494 917 645 999 μελέμεν·
667 921 726 982 τοῦ
748 918 808 998 γὰρ
832 919 930 998 φίλον
951 917 1038 983 ’ίκετο
1062 923 1161 1000 δῶμα.

169 1022 269 1083 Sebol.
293 1020 419 1085 Ῥιανότ
441 1022 477 1085 δὲ
499 1019 559 1084 ἐνὶ
573 1019 805 1098 μεγάροιειν
828 1019 983 1099 ἕκηλον.
1007 1022 1042 1084 H.
1068 1024 1228 1101 Aptissima
1244 1028 1335 1086 etiam

168 1123 242 1185 haee
264 1123 384 1203 quidem
406 1124 496 1184 lectio
519 1124 714 1193 adsensum,
738 1142 805 1184 eum
829 1124 1045 1203 Amphinomus
1073 1144 1099 1185 v.
1122 1120 1185 1187 416
1208 1126 1333 1187 dixerit:

167 1223 244 1303 μήτε
271 1244 300 1286 τι
327 1224 394 1288 τὸν»
420 1227 527 1290 ξεῖνον
556 1224 757 1303 ετυφελίίετε
785 1223 861 1301 μήτε
882 1224 948 1288 τιν’
979 1222 1082 1289 ἄλλον
1115 1226 1248 1304 δμώων,
1282 1228 1334 1287 sed

167 1327 239 1406 quid
261 1327 409 1387 Rhianum
426 1328 462 1387 ad
485 1326 561 1388 hane
583 1328 777 1387 mutationem
793 1325 950 1405 inpulerit,
974 1329 1006 1387 in
1031 1327 1159 1388 obscuro
1181 1336 1237 1388 est.
1261 1328 1333 1389 Nam

166 1437 226 1489 tam
249 1431 382 1506 ineptum
405 1448 473 1489 eum
496 1429 610 1506 fingere
633 1447 693 1489 non
717 1429 803 1499 licet,
827 1436 860 1489 ut
882 1429 1042 1517 offensioni
1065 1430 1093 1489 ei
1115 1430 1206 1489 fuisse
1230 1432 1333 1508 opine·

168 1549 248 1600 mur,
272 1531 351 1609 quod
374 1530 466 1590 Vlixis
488 1529 593 1592 domus
617 1532 647 1590 in
671 1548 759 1591 versu
781 1531 948 1611 insequenti
970 1530 1141 1591 Telemachi
1163 1549 1229 1591 esse
1253 1532 1333 1592 dice·

166 1640 266 1703 retur;
290 1651 385 1713 neque
408 1651 480 1692 vero
502 1632 579 1694 banc
602 1633 829 1710 repugnantiam
852 1633 1042 1701 removisset,
1072 1632 1242 1693 cumidem
1265 1635 1333 1695 Am-

165 1734 326 1814 phinomus
354 1736 385 1794 in
408 1734 510 1794 eadem
526 1733 582 1794 hac
605 1736 739 1794 oratione
762 1749 789 1795 ν.
812 1730 874 1794 417
903 1731 983 1795 κατά
1010 1731 1133 1812 δώματ’
1162 1728 1334 1811 Ὀδοεεῆοε

166 1834 266 1898 θείοιο
290 1836 378 1897 dicat.
425 1835 505 1905 Quae
529 1854 596 1896 cum
618 1839 660 1896 ita
689 1839 763 1906 sint,
791 1836 938 1896 iudicium
967 1836 1003 1895 de
1025 1834 1083 1895 hoe
1105 1854 1194 1896 versu
1216 1838 1247 1896 in
1269 1856 1333 1897 sus·
1430 1896 1433 1901 ι

165 1956 259 2016 penso
288 1937 516 2018 relinquendum
546 1939 620 2008 erit,
651 1938 709 1998 nisi
736 1945 869 1998 vetustae
897 1937 1038 1998 editionis
1065 1939 1236 1999 auctoritati
1264 1957 1333 1999 eum

165 2039 337 2100 obsecutum
361 2058 426 2100 esse
449 2047 580 2101 statuere
602 2040 758 2101 malumus.

250 2160 268 2203 τ
293 2138 361 2201 113.
408 2141 576 2220 Penelopae
599 2141 799 2219 interroganti
822 2143 890 2221 quis
913 2141 951 2201 sit
965 2140 1132 2221 quibusque
1154 2139 1383 2219 parentibusdb

164 2242 325 2334 oriundus,
350 2250 509 2322 antequam
533 2243 710 2320 respondet,
736 2242 834 2303 Vlixes
857 2243 1030 2303 felicitatem
1059 2245 1124 2303 eius
1152 2242 1191 2304 ita
1214 2244 1333 2320 praedi-

164 2352 226 2414 cat,
256 2350 289 2404 ut
322 2363 390 2404 curn
424 2361 494 2421 rege
518 2363 582 2402 eam
605 2352 774 2421 coutparet,
811 2361 898 2421 quem
934 2343 982 2403 dei
1014 2344 1108 2420 gloria
1132 2351 1161 2403 et
1183 2343 1331 2405 bonorum

163 2447 297 2506 omnium
320 2446 471 2506 altluentia
494 2447 719 2505 exornaverint:

721 2545 834 2627 φέρῃει
856 2545 892 2609 δὲ
914 2545 989 2620 γαῖα
1011 2543 1144 2622 μέλαινα

290 2649 413 2726 πυμοὺε
436 2648 488 2712 καὶ
509 2646 634 2727 κμιθάε,
659 2645 778 2730 βρίθῇει
806 2647 842 2710 δὲ
864 2645 1001 2724 δένδρεα
1022 2645 1151 2730 κάρπιμ,

289 2747 385 2814 τίκτει
407 2748 441 2813 δ’
463 2748 612 2829 ἔμπεδα
633 2752 731 2829 μῆλα,
754 2747 893 2812 θάλαττα
916 2747 952 2811 δὲ
974 2748 1098 2832 παρέχῃ
1121 2748 1208 2827 ἰχθῦε
1231 2761 1287 2812 cet.

162 2852 261 2917 Sobel.
285 2850 411 2917 Ῥιανὸε
433 2850 589 2916 άεπετα.
614 2853 649 2913 Η.
683 2852 780 2912 Etiam
810 2851 867 2911 boc
894 2851 960 2911 loco
987 2851 1075 2920 illud,
1105 2852 1184 2930 quod
1212 2852 1330 2913 Rhiano

162 2955 336 3032 scrupulum
364 2957 485 3026 iniecit,
514 2973 574 3014 non
603 2954 633 3013 id
662 2962 721 3024 est,
751 2954 787 3014 de
815 2972 874 3031 quo
902 2952 989 3013 facile
1019 2954 1200 3032 interpretes
1227 2972 1330 3015 omnes

162 3059 240 3117 inter
263 3075 295 3117 se
318 3058 516 3117 consentiant.
553 3056 686 3116 Primum
709 3057 789 3115 eninr
813 3053 926 3132 ambigi
948 3061 1062 3132 potest,
1085 3055 1156 3134 quid
1180 3056 1212 3114 in
1236 3073 1329 3114 enun-

91 3223 95 3227 ,
161 3161 235 3219 tiato
257 3155 351 3221 τίκτει
379 3156 413 3220 δ’
439 3154 560 3233 ,ἔμπεδα
590 3158 673 3235 μῆλα
701 3156 830 3217 subiecti
858 3160 923 3217 vice
952 3158 1102 3234 iungatur.
1146 3157 1329 3235 interpretes

162 3261 282 3338 quidem
304 3259 440 3341 plerique
462 3261 537 3333 γαῖα
565 3261 654 3320 tacite
677 3259 861 3320 subaudiunt
884 3278 918 3318 ex
942 3253 1189 3319 antecedentibus
1210 3260 1328 3336 supple-

162 3371 240 3433 tum;
263 3362 358 3423 Maur.
382 3361 623 3422 Schmidtius
645 3361 762 3440 Didymi
785 3378 814 3438 p.
838 3357 901 3421 210
923 3362 1006 3439 μῆλα
1025 3378 1081 3438 pro
1103 3360 1249 3431 subiecto,
1273 3378 1328 3438 pro

161 3464 281 3525 obiecto
304 3461 426 3540 ἔμπεδα
453 3463 558 3523 baberi
586 3462 662 3532 vult,
693 3480 780 3541 quarn
809 3465 1090 3540 interpretationem
1119 3465 1208 3523 etiam
1236 3463 1327 3523 Vsch·

161 3584 253 3626 nerus
275 3565 429 3642 amplexus
451 3573 510 3634 est,
535 3566 586 3643 qui
609 3566 713 3623 vertit:
737 3567 823 3624 ‘stets
844 3565 926 3624 wirlt
941 3565 1037 3643 lunge
1060 3564 1113 3625 das
1128 3564 1224 3635 Vieb’,
1248 3567 1327 3645 quod

160 3685 339 3746 quamquam
363 3686 380 3727 a
403 3667 517 3728 ratione
545 3665 736 3744 grammatica
765 3664 840 3725 nihil
872 3665 963 3725 babet
991 3666 1327 3745 quod-vituperandum

160 3771 208 3839 sit,
228 3777 339 3838 tamen,
364 3787 434 3829 cum
456 3768 563 3828 melior
586 3774 616 3827 et
639 3769 736 3845 aptior
759 3767 895 3827 videatur
911 3785 976 3827 esse
992 3769 1142 3847 oppositio
1157 3770 1237 3827 inter
1252 3768 1327 3840 γαῖα

160 3877 190 3930 et
211 3866 350 3933 θάλαεεα
378 3871 471 3940 iacta,
500 3876 614 3930 terram
642 3867 782 3947 equidem
810 3868 984 3946 intellegere
1010 3868 1122 3929 malim.
1168 3869 1262 3946 Atque
1285 3869 1326 3927 ita

160 3974 249 4033 etiam
272 3972 405 4032 Rhianus
428 3973 558 4032 sensisse
581 3972 713 4039 videtur,
742 3988 812 4030 cum
834 3966 954 4033 ἄεπετα
982 3969 1019 4030 ab
1042 3971 1127 4047 μῆλα
1149 3968 1227 4029 haud
1250 3966 1344 4036 bene,

159 4075 293 4152 separari
316 4080 414 4153 queat.
460 4072 573 4133 Deinde
601 4090 672 4131 vero
700 4070 773 4152 quid
801 4070 861 4131 sibi
888 4070 950 4130 vult
978 4066 1118 4148 ἔμπεδαί
1155 4069 1325 4139 Videamus,

160 4176 255 4254 qualis
278 4177 316 4236 sit
339 4194 412 4236 usus
426 4178 491 4237 eius
507 4174 644 4236 vocabuli
659 4172 853 4241 Homericus,
876 4189 966 4252 quem
989 4174 1046 4232 iam
1071 4170 1325 4233 Doederlinus

159 4276 248 4357 gloss.
273 4275 312 4336 lll
339 4297 368 4355 p.
391 4273 455 4337 252
482 4296 511 4336 n.
539 4273 625 4338 2340
654 4275 758 4355 paucis
790 4272 959 4334 illustravit.
1004 4272 1160 4351 Originum
1187 4273 1325 4336 vocabuli
