3312 5226
881 412 1032 512 *Q

376 600 447 665 Oed.
483 601 554 685 Tyr.
580 599 642 665 471
677 600 697 664 ὁ
728 601 810 667 Διὸς
842 603 975 679 γενέτα(
1008 602 1214 684 (Ἀπόλλων),
1247 604 1348 684 Eurip.
1384 605 1447 666 lon.
1478 601 1547 666 916·

375 705 510 786 (Nauck.)
535 702 554 766 ὁ
576 703 612 767 δ’
640 703 714 781 ἐμὸς
743 705 875 781 γενέτας
902 705 952 768 καὶ
981 703 1050 781 ςός,
1075 709 1114 791 13Ι
1134 709 1230 786 epigr.
1260 707 1356 787 Cyzic.
1380 704 1401 768 3
1429 707 1537 768 anthol.

374 807 436 869 Pal.
467 807 479 868 l
508 826 537 885 p.
567 803 608 867 58
622 808 766 868 Phoenix
802 809 970 888 appellatur
996 807 1127 887 γενέτης
1155 809 1341 889 Amyntoris;
1374 811 1538 888 composita

374 909 482 971 similia
510 907 603 970 habes
630 909 706 988 apud
736 909 925 971 Timotheum
953 910 1078 991 lyricum
1110 911 1270 989 (Plutarch.
1299 911 1335 971 de
1358 910 1439 971 Alex.
1470 911 1537 970 sort.

373 1019 403 1072 et
424 1012 492 1071 virt.
522 1030 551 1090 p.
574 1007 638 1072 334
652 1009 682 1088 b)
709 1009 767 1074 τὸν
795 1010 971 1086 γαγενέταν
1005 1008 1165 1091 ἄργυρον,
1194 1012 1273 1072 anth.
1308 1012 1372 1072 Pal.
1402 1007 1538 1088 111324,

375 1110 415 1173 19
447 1109 706 1190 (εμεληγενέτην
734 1114 770 1174 33
793 1115 925 1185 Baccho,
960 1114 1035 1176 ibid.
1058 1111 1136 1184 525,
1168 1111 1207 1174 19
1241 1112 1469 1190 ςελαηγενέτην
1502 1114 1537 1173 de

372 1215 507 1294 Apolline
530 1215 661 1284 dictum,
690 1214 842 1277 11331111
872 1212 933 1278 195
955 1216 1054 1277 Strato
1078 1213 1246 1292 εύγενέτης
1274 1216 1350 1276 dixit
1372 1233 1427 1292 pro
1449 1212 1537 1287 εύγε-

371 1314 438 1392 νής.
476 1315 574 1387 Qnare
597 1334 656 1376 non
679 1324 739 1386 est,
769 1318 845 1396 quod
874 1336 941 1378 cum
964 1318 1080 1378 Rhiano
1103 1314 1325 1394 αἰθρηγενέτης
1348 1334 1536 1395 respuamus;

373 1419 451 1498 quod
475 1426 574 1480 autern
597 1421 662 1497 ipse
685 1417 840 1479 substituit
867 1416 1091 1500 αἰθρηγενεής,
1120 1437 1296 1498 quamquam
1328 1424 1449 1497 praeter
1471 1418 1535 1478 hri-

372 1520 547 1598 stopbanem
578 1521 668 1580 etiam
697 1519 831 1580 Nauohio
860 1519 984 1600 placuit,
1023 1527 1122 1581 tamen
1150 1538 1217 1580 cum
1246 1539 1370 1599 prorsus
1398 1520 1535 1580 insolenti

371 1623 486 1682 ratione
515 1623 674 1682 formatum
709 1622 819 1684 nullius
847 1625 911 1683 lere
946 1621 1074 1702 exempli
1105 1622 1275 1685 subnitatur
1304 1617 1561 1700 auetoritate³⁹l,.

374 1722 591 1802 explodendum
617 1741 680 1784 esse
704 1725 851 1785 existimo.
1587 1706 1590 1715 s

322 1814 366 1879 16
397 1811 400 1816 ’
458 1820 568 1887 3393.
613 1825 713 1885 Vlixes
734 1834 890 1906 postquam
914 1825 1037 1887 biduum
1067 1827 1099 1887 in
1122 1824 1293 1886 turbulento
1316 1826 1390 1886 mari
1415 1826 1535 1893 natavit,

371 1930 461 1988 tertio
492 1927 611 1987 tandem
639 1927 686 1987 die
715 1934 892 2005 tempestate
921 1927 1021 1987 sedata
1050 1934 1163 1987 terram
1193 1926 1269 1986 baud
1298 1927 1402 2003 procul
1431 1925 1536 1987 abesse

371 2031 523 2106 cognovit,
547 2045 635 2107 qnam
659 2029 755 2107 ipsam
778 2030 933 2106 conspexit
955 2045 1060 2106 magna
1082 2028 1161 2088 unda
1183 2029 1214 2087 in
1237 2028 1327 2088 altum
1351 2027 1500 2089 sublatus:

312 2116 318 2125 ’
862 2126 881 2191 ὁ
904 2128 937 2192 δ’
959 2126 1023 2207 ἄρα
1046 2128 1160 2207 ςγεδὸν
1183 2126 1279 2192 eletos
1301 2130 1408 2208 γαῖαν,

498 2228 554 2297 ὀξύ
578 2228 661 2308 μάλα
684 2230 845 2312 προϊδών,
868 2229 1009 2309 μεγάλου
1032 2229 1109 2294 ὑπὸ
1132 2231 1270 2308 κύματος
1293 2214 1411 2308 ἀρθείς.

372 2333 561 2395 Manifestum
585 2340 630 2394 est
652 2333 755 2393 ultima
770 2331 860 2393 verba
877 2336 1057 2412 epexegesin
1074 2321 1194 2394 efficere
1209 2334 1363 2411 participii
1378 2331 1535 2415 oportun,

372 2443 542 2497 etecusam
575 2434 724 2504 indicare,
758 2453 814 2514 qua
842 2435 953 2496 lactum
980 2437 1033 2506 sit,
1068 2442 1100 2495 nt
1132 2441 1191 2495 tam
1225 2442 1310 2494 acute
1338 2437 1536 2513 prospiceret.

372 2537 475 2617 Neque
498 2554 569 2597 vero
592 2536 679 2596 aliam
702 2538 884 2597 sententiam
907 2536 1040 2614 intellegi
1064 2537 1154 2597 voluit
1168 2536 1314 2605 libianae,
1339 2536 1391 2614 qui
1408 2532 1460 2598 ἐπί
1482 2554 1538 2613 pro

372 2636 437 2702 ύπύ
459 2641 574 2717 posuit;
598 2658 624 2697 v.
647 2637 737 2698 schol.
760 2632 838 2700 ὑπὸ
867 2636 1055 2716 κύματος·
1084 2635 1120 2699 ἐν
1146 2641 1185 2720 τῇ
1213 2633 1465 2715 Ἀριςτοφάνοος
1487 2635 1539 2700 καὶ

370 2738 501 2804 Ῥιανοῦ
523 2737 586 2803 ἐπὶ
608 2735 789 2816 κύματος.
812 2738 849 2799 Η.
889 2739 947 2800 Sed
970 2747 1087 2800 utrem
1111 2739 1271 2800 dilucidius
1298 2736 1486 2799 describeret
1509 2744 1539 2798 et

370 2845 467 2923 ipsius
487 2842 580 2902 Vlixis
602 2843 822 2920 prospectantis
844 2843 1004 2920 imaginem
1028 2843 1113 2920 qnasi
1135 2840 1191 2900 sub
1207 2847 1359 2917 aspectum
1375 2838 1537 2908 subiceret,
1568 2836 1572 2844 “

372 2943 476 3006 maluit
498 2940 550 3006 ἐπί
572 2942 677 3012 scribi,
701 2961 760 3022 quo
788 2943 889 3003 Vlixes
911 2943 1003 3003 lluctu
1025 2949 1182 3020 correptus
1209 2948 1239 3001 et
1265 2942 1295 3001 in
1324 2941 1413 3003 altum
1438 2940 1538 3002 subla·

371 3055 419 3108 tus
440 3048 472 3107 in
495 3063 611 3106 summo
633 3046 745 3106 vertice
769 3045 864 3105 undae
887 3044 992 3106 sedere
1016 3040 1176 3105 diceretur.
1207 3041 1304 3103 Verba
1327 3044 1420 3120 Igitur
1441 3041 1538 3120 μεγά-

369 3151 431 3211 λου
454 3145 504 3210 eu
531 3144 671 3224 κύματος
699 3152 763 3206 arte
797 3148 951 3206 coniunxit
978 3163 1045 3205 cum
1067 3140 1229 3224 προϊδών,
1257 3151 1290 3204 ut
1312 3140 1418 3221 ἀρθείς
1441 3144 1538 3225 expli-

370 3251 498 3311 cationis
520 3266 608 3310 33333
632 3247 781 3308 adiectum
797 3256 892 3318 esset,
914 3248 944 3308 id
962 3247 1039 3326 qnod
1063 3247 1139 3307 nihil
1155 3244 1246 3307 habet
1260 3247 1444 3316 offensionis,
1469 3231 1541 3308 curn
1583 3256 1587 3263 '

370 3353 467 3413 undae
489 3353 518 3410 vi
541 3368 608 3410 eum
632 3349 761 3410 levatum
790 3368 856 3411 esse
886 3367 941 3427 per
968 3368 1000 3410 se
1029 3355 1262 3410 consentaneum
1292 3351 1340 3411 sit.
1385 3346 1452 3418 Qua·
1473 3343 1541 3410 mn·

370 3456 483 3515 tatione
512 3460 543 3512 et
563 3451 770 3530 Aristophanis
796 3469 948 3512 assensum
976 3457 1080 3511 nactus
1108 3458 1153 3511 est
1180 3457 1211 3511 et
1238 3452 1318 3519 eins,
1347 3452 1398 3529 qui
1420 3451 1542 3512 bristou

371 3556 479 3635 phanis
500 3553 643 3632 reliquias
674 3551 795 3631 collegit
817 3560 847 3613 et
874 3554 1040 3622 recensuit,
1065 3553 1097 3613 Α.
1121 3551 1260 3621 bacchii,
1290 3553 1340 3630 qui
1369 3553 1544 3613 rationibus

370 3655 491 3736 quidem
519 3656 637 3715 omissis
664 3654 683 3714 l.
712 3654 730 3715 l.
761 3672 791 3732 p.
812 3651 854 3715 43
886 3662 919 3714 ut
946 3650 998 3716 ἐπί
1029 3657 1059 3714 13
1087 3661 1201 3714 textum
1224 3650 1410 3732 reciperetur
1433 3662 1543 3732 postu·

369 3757 450 3819 lauit.
496 3754 642 3836 Equidem
665 3758 711 3816 vix
740 3758 836 3817 ausim
863 3753 916 3818 ἐπί
946 3763 1102 3835 tantopere
1131 3755 1357 3822 commendare,
1387 3771 1459 3814 cum
1483 3757 1542 3816 etsi

368 3861 442 3921 satis
462 3860 580 3937 poetico
595 3856 694 3918 colore
709 3860 836 3919 tinctum
852 3859 892 3917 sit
913 3857 969 3917 boc
985 3858 1104 3917 dicendi
1120 3875 1213 3935 genus
1234 3864 1265 3916 et
1279 3856 1542 3918 accommodatum
1642 3942 1649 3953 Ι

368 4029 570 4039 ——-—-=

436 4129 480 4196 39)
500 4126 648 4194 Solaquee
666 4124 767 4179 afferre
785 4124 908 4193 potueris
927 4121 1341 4196 exemplarentepudHeeych.
1360 4141 1381 4176 3.
1391 4140 1416 4177 v.
1431 4125 1545 4195 ἀπλέη·

368 4229 429 4268 τος’
453 4211 697 4279 ἀπροςπὲλαςτος,
720 4209 769 4262 ubi
787 4208 876 4265 Maur.
895 4207 1063 4263 Schmidtius
1081 4209 1239 4263 adnotavit:
1258 4209 1416 4276 ‘detentor
1435 4211 1545 4280 diupo(-

369 4299 516 4352 πὲλαςτον,
545 4293 574 4348 O.
595 4299 649 4348 171.
686 4293 747 4348 Nisi
768 4293 859 4348 laesus
882 4293 950 4347 ordo
974 4293 1095 4362 glossam
1118 4293 1147 4345 in
1169 4292 1351 4361 suspitionem
1374 4293 1545 4362 adduceret,

368 4379 578 4434 insolentiorem
596 4379 714 4432 formam
731 4380 825 4433 tuerer
843 4377 1027 4432 Archilocheo
1048 4379 1156 4446 Κρεὴτη
1175 4378 1220 4445 (fr.
1240 4380 1321 4447 175).’
