3312 5226
638 377 792 475 *fit-,⁴

123 570 243 628 tionem
266 567 456 642 traducatur,
480 576 513 628 ιιι
535 570 573 628 sit
595 569 625 629 id
641 567 720 648 quod
744 570 907 641 durabilis,
924 575 1094 650 perpetuus
1111 566 1176 646 (cir.
1193 568 1219 631 Θ
1235 566 1295 630 521

125 669 257 749 φυλακὴ
280 667 316 731 δέ
338 687 385 732 nc
414 667 554 747 ἔμπεδοι
581 667 661 732 dcam
684 676 715 730 ot
737 673 756 732 θ
778 667 841 731 453
868 668 976 748 τόφρα
1003 669 1039 733 δέ
1067 667 1099 732 οἱ
1126 669 1238 749 κομιδή
1260 689 1297 744 γε

42 811 45 819 ,
124 776 190 853 θεῷ
215 769 262 833 ὣ(
284 768 423 848 ἔμπεδα(
439 769 525 851 ἦεν),
548 774 697 834 Ameisius
721 772 881 851 explicavit
896 771 1102 834 ‘dauerhaltes
1117 773 1296 842 Kleinvieh',

21 916 22 929 ,
125 874 162 935 ad
186 891 264 954 quae
289 873 319 932 in
342 873 474 934 editione
490 873 584 935 altera
599 875 766 936 adiecerat:
790 875 850 934 ‘die
866 873 1125 953 Dauerhaltigkeit
1138 875 1192 935 der
1209 875 1296 934 Vicb·

124 975 217 1036 zucht
240 977 272 1035 in
293 973 396 1036 lthalxa
418 975 469 1036 hat
491 974 584 1036 selbst
606 975 702 1036 duroh
725 977 774 1037 die
796 976 903 1037 Freier
926 977 1009 1038 nicht
1031 977 1200 1038 verniclrtet
1221 996 1295 1036 wer-

21 1152 22 1157 *
125 1079 185 1143 den
213 1077 361 1146 konnen'3
395 1076 470 1138 baec
499 1086 600 1139 autem
627 1086 710 1139 recte
739 1086 844 1158 postea
872 1081 962 1139 missa
990 1079 1076 1149 lecit,
1106 1098 1176 1139 nam
1204 1078 1297 1139 Vlixis

21 1204 22 1253 ι
125 1179 219 1240 verba
243 1197 302 1239 non
331 1178 368 1240 ad
397 1180 493 1258 ipsius
526 1197 653 1258 regnum
682 1179 842 1241 referenda
870 1199 950 1248 esse,
980 1180 1032 1241 sed
1061 1184 1092 1242 in
1121 1183 1296 1241 universum

21 1310 22 1331 1
125 1283 209 1343 dicta
233 1281 321 1342 lullus
344 1289 448 1360 patere
471 1283 656 1342 coniunctivi
679 1282 838 1344 manifesto
862 1290 1002 1361 arguunt.
1027 1281 1086 1343 Sed
1108 1282 1179 1362 quid
1203 1284 1295 1359 signi-

125 1385 196 1445 ficat
212 1387 270 1446 ista
283 1382 412 1444 durandi
427 1384 511 1443 notio
521 1382 557 1443 de
570 1382 737 1462 pecudibus
749 1382 847 1445 dicta?
863 1384 998 1445 Peoudes
1013 1392 1063 1444 aut
1075 1384 1189 1444 morbis
1204 1385 1296 1445 eonfi-

126 1487 253 1547 oiuntur
275 1494 326 1546 aut
350 1504 366 1545 a
389 1486 463 1546 ieris
485 1485 658 1546 lacerantur
680 1490 731 1546 aut
754 1484 790 1546 ab
806 1485 980 1548 hominibus
1003 1487 1217 1548 comeduntur:
1241 1488 1296 1545 ita·

126 1607 186 1668 «pne
211 1590 238 1648 si
260 1590 291 1649 in
308 1595 487 1667 perpetuum
504 1586 614 1648 durant
636 1606 691 1647 nec
707 1606 832 1667 prorsus
844 1587 962 1649 absumi
986 1583 1036 1650 alut
1052 1587 1147 1649 deleri
1162 1595 1295 1668 possunt,

21 1700 22 1707 ’
127 1690 157 1751 id
182 1690 272 1753 aliter
294 1690 360 1749 lieri
383 1707 442 1749 non
466 1696 580 1769 potest,
608 1708 697 1768 quam
720 1692 790 1769 quia
813 1692 919 1768 ingens
942 1709 1045 1752 earum
1074 1698 1119 1750 est
1141 1708 1295 1750 numerus.
1352 1738 1359 1750 .

126 1791 228 1874 Quare
252 1793 344 1852 etiam
366 1790 441 1852 baec
464 1790 686 1869 interpretandi
713 1794 791 1853 ratio
821 1792 899 1854 redit
922 1792 957 1853 ad
986 1794 1139 1854 notionem
1167 1792 1295 1852 multi-

66 1927 73 1939 ·
126 1892 295 1962 tudinis,
320 1911 409 1972 quam
432 1892 546 1952 indicat
567 1888 695 1954 deuexa.

213 1995 349 2074 Denique
383 1992 602 2074 perlustramus
624 1993 769 2056 Vschneri
804 1997 987 2066 versionem,
1021 1998 1073 2076 qui
1106 1993 1227 2073 ἔμπεδα
1260 1995 1296 2055 de

126 2105 265 2178 tempore
288 2095 501 2156 adverbialiter
522 2098 654 2178 positum
669 2106 770 2177 putat,
794 2117 974 2178 quamquam
996 2098 1145 2158 llomerus
1168 2099 1212 2158 sic
1236 2100 1296 2158 sin-

126 2200 228 2276 gulari
251 2216 377 2259 numero
402 2200 445 2258 uti
467 2197 558 2267 solat,
583 2207 615 2260 ut
637 2196 661 2265 Ν
680 2195 738 2259 141
763 2197 782 2260 ὁ
805 2197 841 2262 δ’
863 2197 1034 2280 deponent
1057 2197 1121 2262 θέει
1143 2197 1317 2279 {gurdon

125 2302 184 2362 ιιι.
207 2318 226 2363 ν
248 2295 289 2360 86
312 2307 341 2359 et
362 2297 395 2362 Π
419 2295 478 2360 107
502 2295 643 2375 ἔμπεδον
665 2298 744 2363 αἰέν.
779 2301 915 2361 Peoudes
937 2303 1030 2378 igitur
1053 2302 1127 2362 dicit
1150 2309 1297 2381 perpetuo

126 2400 226 2481 pullos
248 2404 383 2479 gignere.
429 2402 516 2461 Esto:
560 2409 589 2461 at
612 2409 694 2461 certe
716 2420 776 2461 non
799 2404 919 2480 saepias
946 2422 1036 2482 qrram
1065 2401 1140 2463 aliae
1170 2400 1296 2463 aliarum

127 2513 282 2565 terrarum
304 2502 450 2581 pecudea,
480 2501 532 2563 scd
561 2503 603 2562 ita
626 2510 660 2562 ut
682 2504 713 2562 in
742 2510 851 2564 natura
879 2522 984 2564 earum
1013 2505 1104 2564 situm
1132 2510 1188 2563 est.
1233 2501 1296 2563 Hac

127 2614 229 2667 autom
253 2606 332 2664 in're
355 2604 431 2665 nihil
454 2606 547 2673 inest,
571 2622 630 2684 quo
652 2622 722 2673 rex,
752 2606 803 2684 qui
826 2612 952 2684 propter
979 2604 1155 2665 felicitatem
1184 2605 1297 2680 insigni
1362 2594 1365 2601 ’

127 2707 216 2768 laude
240 2705 407 2775 extollitur,
431 2705 498 2766 aliis
514 2713 646 2786 praestet
669 2714 719 2766 aut
734 2706 857 2768 divitiae
880 2708 945 2767 eius
968 2706 1099 2768 dilucide
1123 2707 1296 2767 ellerantur.

127 2808 160 2870 Si
193 2826 266 2868 vero
299 2816 479 2877 statuamus,
514 2808 645 2887 pecudes
666 2815 814 2887 perpetuo
842 2811 967 2886 gignere
996 2811 1040 2869 sio
1069 2809 1145 2878 dici,
1175 2816 1208 2868 ut
1236 2827 1296 2868 non

126 2929 232 2971 omnes
254 2909 359 2971 eodem
381 2918 517 2988 tompore
538 2912 677 2987 gignant,
711 2910 763 2971 sed
798 2910 873 2972 aliae
895 2910 968 2972 alias
984 2912 1149 2988 excipiant,
1173 2928 1295 2970 necesse

126 3020 172 3072 est
195 3031 247 3073 eas
269 3012 476 3090 permultas
498 3029 574 3081 esse,
599 3018 630 3072 ut
647 3013 737 3072 otiam
754 3013 809 3073 hac
827 3015 872 3073 via
889 3014 954 3092 ipso
970 3014 1016 3072 rei
1032 3012 1124 3072 ductu
1140 3014 1295 3090 pervenia-

126 3132 194 3175 mus
217 3113 253 3174 ad
276 3112 357 3174 istud
380 3108 515 3193 ἄεπετα,
537 3113 616 3194 qrrod
639 3133 728 3193 quam
751 3112 944 3175 Homericum
967 3116 1005 3174 sit
1028 3131 1177 3194 quamque
1200 3112 1295 3172 lalici-

126 3222 174 3275 ter
199 3234 216 3276 a
238 3215 355 3276 libiano
391 3218 592 3293 excogitatum
623 3215 667 3275 vel
700 3234 779 3275 uirus
812 3235 916 3276 versus
950 3215 1038 3276 docet
1060 3213 1085 3277 Λ
1106 3211 1169 3276 245
1202 3210 1296 3288 αἶγα(

126 3312 211 3395 ὁμοῦ
233 3315 285 3378 καὶ
301 3313 371 3394 dic,
394 3313 434 3378 τά
457 3313 488 3379 οἱ
510 3313 629 3381 decem
650 3315 871 3395 ποιμαίνοντο.
