<?xml version="1.0" encoding="UTF-8"?>
<!DOCTYPE html PUBLIC "-//W3C//DTD XHTML 1.0 Transitional//EN"
    "http://www.w3.org/TR/xhtml1/DTD/xhtml1-transitional.dtd">
<html xmlns="http://www.w3.org/1999/xhtml" xml:lang="en" lang="en">
 <head>
  <title>
</title>
<meta http-equiv="Content-Type" content="text/html;charset=utf-8" />
  <meta name='ocr-system' content='tesseract 3.04.00' />
  <meta name='ocr-capabilities' content='ocr_page ocr_carea ocr_par ocr_line ocrx_word'/>
</head>
<body>
  <div class='ocr_page' id='page_1' title='image "./derhianicretens00rhiagoog_0022.png"; bbox 0 0 3312 5226; ppageno 0'>
   <div class='ocr_carea' id='block_1_1' title="bbox 680 652 726 730">
    <p class='ocr_par' dir='ltr' id='par_1_1' title="bbox 680 652 726 730">
     <span class='ocr_line' id='line_1_1' title="bbox 680 652 726 730; baseline 0.065 -3"><span class='ocrx_word' id='word_1_1' title='bbox 680 652 726 730; x_wconf 87' lang='grc' dir='ltr'><strong>Π.</strong></span> 
     </span>
    </p>
   </div>
   <div class='ocr_carea' id='block_1_2' title="bbox 78 823 1287 3955">
    <p class='ocr_par' dir='ltr' id='par_1_2' title="bbox 78 823 1287 3120">
     <span class='ocr_line' id='line_1_2' title="bbox 195 823 1284 895; baseline 0.002 -11"><span class='ocrx_word' id='word_1_2' title='bbox 195 823 368 895; x_wconf 84' lang='lat' dir='ltr'><strong>Rhianum,</strong></span> <span class='ocrx_word' id='word_1_3' title='bbox 392 843 459 885; x_wconf 91' lang='lat' dir='ltr'><strong>cum</strong></span> <span class='ocrx_word' id='word_1_4' title='bbox 482 828 515 886; x_wconf 91' lang='lat' dir='ltr'><strong>in</strong></span> <span class='ocrx_word' id='word_1_5' title='bbox 537 825 705 887; x_wconf 90' lang='lat' dir='ltr'><strong>libertatem</strong></span> <span class='ocrx_word' id='word_1_6' title='bbox 728 825 895 886; x_wconf 91' lang='lat' dir='ltr'><strong>vindicatus</strong></span> <span class='ocrx_word' id='word_1_7' title='bbox 917 832 1010 892; x_wconf 87' lang='lat' dir='ltr'><strong>esset,</strong></span> <span class='ocrx_word' id='word_1_8' title='bbox 1039 827 1139 885; x_wconf 90' lang='lat' dir='ltr'><strong>omnia</strong></span> <span class='ocrx_word' id='word_1_9' title='bbox 1161 844 1214 886; x_wconf 91' lang='lat' dir='ltr'><strong>sua</strong></span> <span class='ocrx_word' id='word_1_10' title='bbox 1236 826 1284 886; x_wconf 89' lang='lat' dir='ltr'><strong>lit·</strong></span> 
     </span>
     <span class='ocr_line' id='line_1_3' title="bbox 118 926 1285 1007; baseline 0.003 -23"><span class='ocrx_word' id='word_1_11' title='bbox 118 933 254 986; x_wconf 89' lang='lat' dir='ltr'><strong>terarum</strong></span> <span class='ocrx_word' id='word_1_12' title='bbox 276 936 307 987; x_wconf 91' lang='lat' dir='ltr'><strong>et</strong></span> <span class='ocrx_word' id='word_1_13' title='bbox 329 926 481 987; x_wconf 91' lang='lat' dir='ltr'><strong>doctrinae</strong></span> <span class='ocrx_word' id='word_1_14' title='bbox 505 927 602 988; x_wconf 89' lang='lat' dir='ltr'><strong>studia</strong></span> <span class='ocrx_word' id='word_1_15' title='bbox 625 946 661 987; x_wconf 90' lang='lat' dir='ltr'><strong>ex</strong></span> <span class='ocrx_word' id='word_1_16' title='bbox 677 926 788 988; x_wconf 89' lang='lat' dir='ltr'><strong>saeculi</strong></span> <span class='ocrx_word' id='word_1_17' title='bbox 811 927 858 987; x_wconf 92' lang='lat' dir='ltr'><strong>sui</strong></span> <span class='ocrx_word' id='word_1_18' title='bbox 872 944 955 987; x_wconf 90' lang='lat' dir='ltr'><strong>more</strong></span> <span class='ocrx_word' id='word_1_19' title='bbox 979 926 1015 987; x_wconf 93' lang='lat' dir='ltr'><strong>ad</strong></span> <span class='ocrx_word' id='word_1_20' title='bbox 1030 934 1187 1006; x_wconf 87' lang='lat' dir='ltr'><strong>poetarum</strong></span> <span class='ocrx_word' id='word_1_21' title='bbox 1201 929 1285 1007; x_wconf 89' lang='lat' dir='ltr'><strong>prin·</strong></span> 
     </span>
     <span class='ocr_line' id='line_1_4' title="bbox 119 1027 1287 1109; baseline 0.001 -23"><span class='ocrx_word' id='word_1_22' title='bbox 119 1028 216 1106; x_wconf 91' lang='lat' dir='ltr'><strong>cipem</strong></span> <span class='ocrx_word' id='word_1_23' title='bbox 238 1027 400 1089; x_wconf 81' lang='lat' dir='ltr'><strong>Homerum</strong></span> <span class='ocrx_word' id='word_1_24' title='bbox 423 1030 589 1099; x_wconf 88' lang='lat' dir='ltr'><strong>rettulisse,</strong></span> <span class='ocrx_word' id='word_1_25' title='bbox 618 1030 749 1109; x_wconf 91' lang='lat' dir='ltr'><strong>primum</strong></span> <span class='ocrx_word' id='word_1_26' title='bbox 777 1047 813 1088; x_wconf 90' lang='lat' dir='ltr'><strong>ex</strong></span> <span class='ocrx_word' id='word_1_27' title='bbox 841 1030 938 1108; x_wconf 81' lang='lat' dir='ltr'><strong>epicis</strong></span> <span class='ocrx_word' id='word_1_28' title='bbox 960 1030 1026 1089; x_wconf 88' lang='lat' dir='ltr'><strong>eius</strong></span> <span class='ocrx_word' id='word_1_29' title='bbox 1049 1027 1233 1089; x_wconf 84' lang='lat' dir='ltr'><strong>carminibus</strong></span> <span class='ocrx_word' id='word_1_30' title='bbox 1255 1036 1287 1088; x_wconf 90' lang='lat' dir='ltr'><strong>et</strong></span> 
     </span>
     <span class='ocr_line' id='line_1_5' title="bbox 119 1130 1285 1210; baseline 0.002 -22"><span class='ocrx_word' id='word_1_31' title='bbox 119 1131 343 1207; x_wconf 79' lang='lat' dir='ltr'><strong>epigrammatis</strong></span> <span class='ocrx_word' id='word_1_32' title='bbox 371 1131 547 1209; x_wconf 79' lang='lat' dir='ltr'><strong>intellegere</strong></span> <span class='ocrx_word' id='word_1_33' title='bbox 576 1130 662 1200; x_wconf 88' lang='lat' dir='ltr'><strong>licet,</strong></span> <span class='ocrx_word' id='word_1_34' title='bbox 693 1147 820 1209; x_wconf 91' lang='lat' dir='ltr'><strong>quorum</strong></span> <span class='ocrx_word' id='word_1_35' title='bbox 848 1148 1027 1210; x_wconf 87' lang='lat' dir='ltr'><strong>quamquam</strong></span> <span class='ocrx_word' id='word_1_36' title='bbox 1054 1148 1206 1209; x_wconf 89' lang='lat' dir='ltr'><strong>perpauca</strong></span> <span class='ocrx_word' id='word_1_37' title='bbox 1234 1147 1285 1190; x_wconf 86' lang='lat' dir='ltr'><strong>ex·</strong></span> 
     </span>
     <span class='ocr_line' id='line_1_6' title="bbox 118 1231 1285 1308; baseline 0.002 -18"><span class='ocrx_word' id='word_1_38' title='bbox 118 1237 198 1290; x_wconf 91' lang='lat' dir='ltr'><strong>stant</strong></span> <span class='ocrx_word' id='word_1_39' title='bbox 220 1231 401 1308; x_wconf 80' lang='lat' dir='ltr'><strong>fragmenta,</strong></span> <span class='ocrx_word' id='word_1_40' title='bbox 426 1232 482 1293; x_wconf 90' lang='lat' dir='ltr'><strong>hoc</strong></span> <span class='ocrx_word' id='word_1_41' title='bbox 505 1241 604 1293; x_wconf 91' lang='lat' dir='ltr'><strong>tamen</strong></span> <span class='ocrx_word' id='word_1_42' title='bbox 627 1233 698 1292; x_wconf 90' lang='lat' dir='ltr'><strong>satis</strong></span> <span class='ocrx_word' id='word_1_43' title='bbox 720 1231 910 1292; x_wconf 82' lang='lat' dir='ltr'><strong>manifestum</strong></span> <span class='ocrx_word' id='word_1_44' title='bbox 933 1233 1062 1301; x_wconf 83' lang='lat' dir='ltr'><strong>l&#39;acinnt,</strong></span> <span class='ocrx_word' id='word_1_45' title='bbox 1086 1249 1153 1292; x_wconf 90' lang='lat' dir='ltr'><strong>eum</strong></span> <span class='ocrx_word' id='word_1_46' title='bbox 1176 1231 1285 1292; x_wconf 91' lang='lat' dir='ltr'><strong>Home·</strong></span> 
     </span>
     <span class='ocr_line' id='line_1_7' title="bbox 118 1332 1286 1414; baseline 0.001 -23"><span class='ocrx_word' id='word_1_47' title='bbox 118 1333 199 1392; x_wconf 88' lang='lat' dir='ltr'><strong>ricae</strong></span> <span class='ocrx_word' id='word_1_48' title='bbox 221 1335 321 1411; x_wconf 89' lang='lat' dir='ltr'><strong>poesis</strong></span> <span class='ocrx_word' id='word_1_49' title='bbox 354 1333 454 1394; x_wconf 93' lang='lat' dir='ltr'><strong>indole</strong></span> <span class='ocrx_word' id='word_1_50' title='bbox 482 1336 604 1414; x_wconf 90' lang='lat' dir='ltr'><strong>penitus</strong></span> <span class='ocrx_word' id='word_1_51' title='bbox 633 1334 732 1393; x_wconf 90' lang='lat' dir='ltr'><strong>animo</strong></span> <span class='ocrx_word' id='word_1_52' title='bbox 760 1340 902 1412; x_wconf 91' lang='lat' dir='ltr'><strong>percepta</strong></span> <span class='ocrx_word' id='word_1_53' title='bbox 937 1332 1067 1411; x_wconf 88' lang='lat' dir='ltr'><strong>epieae</strong></span> <span class='ocrx_word' id='word_1_54' title='bbox 1100 1332 1286 1394; x_wconf 87' lang='lat' dir='ltr'><strong>dictionis</strong></span> 
     </span>
     <span class='ocr_line' id='line_1_8' title="bbox 117 1432 1284 1511; baseline 0.001 -18"><span class='ocrx_word' id='word_1_55' title='bbox 117 1432 384 1511; x_wconf 79' lang='lat' dir='ltr'><strong>felicissimum</strong></span> <span class='ocrx_word' id='word_1_56' title='bbox 408 1437 609 1497; x_wconf 80' lang='lat' dir='ltr'><strong>exstitisse</strong></span> <span class='ocrx_word' id='word_1_57' title='bbox 638 1436 872 1495; x_wconf 85' lang='lat' dir='ltr'><strong>imitatorem</strong></span> <span class='ocrx_word' id='word_1_58' title='bbox 901 1444 937 1494; x_wconf 90' lang='lat' dir='ltr'><strong>et</strong></span> <span class='ocrx_word' id='word_1_59' title='bbox 964 1434 1155 1495; x_wconf 90' lang='lat' dir='ltr'><strong>aemulum.</strong></span> <span class='ocrx_word' id='word_1_60' title='bbox 1200 1434 1284 1504; x_wconf 89' lang='lat' dir='ltr'><strong>Nam,</strong></span> 
     </span>
     <span class='ocr_line' id='line_1_9' title="bbox 118 1535 1286 1616; baseline 0.002 -22"><span class='ocrx_word' id='word_1_61' title='bbox 118 1544 152 1594; x_wconf 92' lang='lat' dir='ltr'><strong>ut</strong></span> <span class='ocrx_word' id='word_1_62' title='bbox 181 1535 337 1597; x_wconf 88' lang='lat' dir='ltr'><strong>audiamus</strong></span> <span class='ocrx_word' id='word_1_63' title='bbox 370 1537 596 1615; x_wconf 87' lang='lat' dir='ltr'><strong>intellegentem</strong></span> <span class='ocrx_word' id='word_1_64' title='bbox 623 1542 782 1616; x_wconf 87' lang='lat' dir='ltr'><strong>poetarum</strong></span> <span class='ocrx_word' id='word_1_65' title='bbox 810 1537 1031 1596; x_wconf 87' lang='lat' dir='ltr'><strong>aestimatorem</strong></span> <span class='ocrx_word' id='word_1_66' title='bbox 1060 1535 1286 1596; x_wconf 81' lang='lat' dir='ltr'><strong>Meinelrium</strong></span> 
     </span>
     <span class='ocr_line' id='line_1_10' title="bbox 118 1632 1285 1717; baseline 0.001 -22"><span class='ocrx_word' id='word_1_67' title='bbox 118 1635 137 1698; x_wconf 93' lang='grc' dir='ltr'><strong>Ι.</strong></span> <span class='ocrx_word' id='word_1_68' title='bbox 154 1635 185 1696; x_wconf 79' lang='lat' dir='ltr'><strong>‘l.</strong></span> <span class='ocrx_word' id='word_1_69' title='bbox 217 1656 248 1715; x_wconf 80' lang='lat' dir='ltr'><strong>p.</strong></span> <span class='ocrx_word' id='word_1_70' title='bbox 276 1632 355 1707; x_wconf 80' lang='lat'><strong>200,</strong></span> <span class='ocrx_word' id='word_1_71' title='bbox 389 1639 422 1698; x_wconf 92' lang='lat' dir='ltr'><strong>iu</strong></span> <span class='ocrx_word' id='word_1_72' title='bbox 456 1638 596 1698; x_wconf 88' lang='lat' dir='ltr'><strong>dictionis</strong></span> <span class='ocrx_word' id='word_1_73' title='bbox 633 1638 729 1697; x_wconf 89' lang='lat' dir='ltr'><strong>iorma</strong></span> <span class='ocrx_word' id='word_1_74' title='bbox 757 1655 958 1717; x_wconf 83' lang='lat' dir='ltr'><strong>versuumque</strong></span> <span class='ocrx_word' id='word_1_75' title='bbox 981 1637 1191 1699; x_wconf 82' lang='lat' dir='ltr'><strong>struendarum</strong></span> <span class='ocrx_word' id='word_1_76' title='bbox 1222 1644 1285 1697; x_wconf 90' lang='lat' dir='ltr'><strong>arte</strong></span> 
     </span>
     <span class='ocr_line' id='line_1_11' title="bbox 118 1736 1286 1819; baseline 0 -21"><span class='ocrx_word' id='word_1_77' title='bbox 118 1737 302 1799; x_wconf 78' lang='lat' dir='ltr'><strong>‘simillimus</strong></span> <span class='ocrx_word' id='word_1_78' title='bbox 339 1739 395 1799; x_wconf 87' lang='lat' dir='ltr'><strong>luit</strong></span> <span class='ocrx_word' id='word_1_79' title='bbox 429 1740 583 1819; x_wconf 81' lang='lat' dir='ltr'><strong>Apollonio</strong></span> <span class='ocrx_word' id='word_1_80' title='bbox 617 1736 745 1800; x_wconf 87' lang='lat' dir='ltr'><strong>Rhodio.</strong></span> <span class='ocrx_word' id='word_1_81' title='bbox 796 1737 995 1799; x_wconf 85' lang='lat' dir='ltr'><strong>Humerorum</strong></span> <span class='ocrx_word' id='word_1_82' title='bbox 1028 1738 1149 1819; x_wconf 90' lang='lat' dir='ltr'><strong>quidem</strong></span> <span class='ocrx_word' id='word_1_83' title='bbox 1182 1738 1286 1799; x_wconf 89' lang='lat' dir='ltr'><strong>eadem</strong></span> 
     </span>
     <span class='ocr_line' id='line_1_12' title="bbox 117 1839 1285 1911; baseline 0 -11"><span class='ocrx_word' id='word_1_84' title='bbox 117 1839 289 1910; x_wconf 90' lang='lat' dir='ltr'><strong>mollitudo,</strong></span> <span class='ocrx_word' id='word_1_85' title='bbox 318 1842 415 1901; x_wconf 91' lang='lat' dir='ltr'><strong>oratio</strong></span> <span class='ocrx_word' id='word_1_86' title='bbox 444 1847 559 1911; x_wconf 90' lang='lat' dir='ltr'><strong>autem,</strong></span> <span class='ocrx_word' id='word_1_87' title='bbox 594 1841 656 1901; x_wconf 89' lang='lat' dir='ltr'><strong>sive</strong></span> <span class='ocrx_word' id='word_1_88' title='bbox 685 1840 845 1901; x_wconf 88' lang='lat' dir='ltr'><strong>verborum</strong></span> <span class='ocrx_word' id='word_1_89' title='bbox 874 1840 1021 1902; x_wconf 89' lang='lat' dir='ltr'><strong>delectum</strong></span> <span class='ocrx_word' id='word_1_90' title='bbox 1050 1841 1110 1901; x_wconf 88' lang='lat' dir='ltr'><strong>sive</strong></span> <span class='ocrx_word' id='word_1_91' title='bbox 1138 1842 1285 1901; x_wconf 88' lang='lat' dir='ltr'><strong>rationem</strong></span> 
     </span>
     <span class='ocr_line' id='line_1_13' title="bbox 118 1941 1286 2022; baseline 0.001 -21"><span class='ocrx_word' id='word_1_92' title='bbox 118 1943 311 2021; x_wconf 80' lang='lat' dir='ltr'><strong>syntactioam</strong></span> <span class='ocrx_word' id='word_1_93' title='bbox 334 1950 466 2021; x_wconf 85' lang='lat' dir='ltr'><strong>spectas,</strong></span> <span class='ocrx_word' id='word_1_94' title='bbox 497 1943 623 2022; x_wconf 85' lang='lat' dir='ltr'><strong>simplex</strong></span> <span class='ocrx_word' id='word_1_95' title='bbox 652 1950 682 2002; x_wconf 91' lang='lat' dir='ltr'><strong>et</strong></span> <span class='ocrx_word' id='word_1_96' title='bbox 703 1941 881 2003; x_wconf 85' lang='lat' dir='ltr'><strong>Homericae</strong></span> <span class='ocrx_word' id='word_1_97' title='bbox 904 1942 1028 2012; x_wconf 91' lang='lat' dir='ltr'><strong>aemula,</strong></span> <span class='ocrx_word' id='word_1_98' title='bbox 1052 1942 1132 2003; x_wconf 90' lang='lat' dir='ltr'><strong>nulla</strong></span> <span class='ocrx_word' id='word_1_99' title='bbox 1154 1942 1286 2004; x_wconf 88' lang='lat' dir='ltr'><strong>insolen-</strong></span> 
     </span>
     <span class='ocr_line' id='line_1_14' title="bbox 118 2042 1284 2115; baseline 0 -11"><span class='ocrx_word' id='word_1_100' title='bbox 118 2045 205 2105; x_wconf 91' lang='lat' dir='ltr'><strong>tioris</strong></span> <span class='ocrx_word' id='word_1_101' title='bbox 239 2043 380 2104; x_wconf 88' lang='lat' dir='ltr'><strong>dictionis</strong></span> <span class='ocrx_word' id='word_1_102' title='bbox 413 2045 577 2115; x_wconf 82' lang='lat' dir='ltr'><strong>affectatio,</strong></span> <span class='ocrx_word' id='word_1_103' title='bbox 616 2044 697 2105; x_wconf 92' lang='lat' dir='ltr'><strong>nulla</strong></span> <span class='ocrx_word' id='word_1_104' title='bbox 730 2042 874 2105; x_wconf 89' lang='lat' dir='ltr'><strong>obscurae</strong></span> <span class='ocrx_word' id='word_1_105' title='bbox 907 2044 1062 2105; x_wconf 88' lang='lat' dir='ltr'><strong>doetrinae</strong></span> <span class='ocrx_word' id='word_1_106' title='bbox 1101 2045 1284 2105; x_wconf 86' lang='lat' dir='ltr'><strong>ostentatio’.</strong></span> 
     </span>
     <span class='ocr_line' id='line_1_15' title="bbox 117 2142 1285 2226; baseline -0.001 -21"><span class='ocrx_word' id='word_1_107' title='bbox 117 2145 199 2206; x_wconf 89' lang='lat' dir='ltr'><strong>idem</strong></span> <span class='ocrx_word' id='word_1_108' title='bbox 222 2145 259 2206; x_wconf 91' lang='lat' dir='ltr'><strong>de</strong></span> <span class='ocrx_word' id='word_1_109' title='bbox 282 2143 551 2225; x_wconf 83' lang='lat' dir='ltr'><strong>epigrammatis11)</strong></span> <span class='ocrx_word' id='word_1_110' title='bbox 573 2147 593 2207; x_wconf 88' lang='lat' dir='ltr'><strong>l.</strong></span> <span class='ocrx_word' id='word_1_111' title='bbox 609 2146 629 2208; x_wconf 90' lang='grc' dir='ltr'><strong>Ι.</strong></span> <span class='ocrx_word' id='word_1_112' title='bbox 653 2166 682 2225; x_wconf 87' lang='lat' dir='ltr'><strong>p.</strong></span> <span class='ocrx_word' id='word_1_113' title='bbox 698 2142 775 2207; x_wconf 81' lang='lat'>206:</span> <span class='ocrx_word' id='word_1_114' title='bbox 809 2145 855 2206; x_wconf 72' lang='lat' dir='ltr'><strong>‘ln</strong></span> <span class='ocrx_word' id='word_1_115' title='bbox 877 2146 1031 2226; x_wconf 86' lang='lat' dir='ltr'><strong>plerisque</strong></span> <span class='ocrx_word' id='word_1_116' title='bbox 1054 2164 1104 2207; x_wconf 87' lang='lat' dir='ltr'><strong>res</strong></span> <span class='ocrx_word' id='word_1_117' title='bbox 1126 2146 1285 2208; x_wconf 87' lang='lat' dir='ltr'><strong>amatoriae</strong></span> 
     </span>
     <span class='ocr_line' id='line_1_16' title="bbox 118 2245 1287 2327; baseline -0.001 -20"><span class='ocrx_word' id='word_1_118' title='bbox 118 2246 266 2327; x_wconf 87' lang='lat' dir='ltr'><strong>petulanti</strong></span> <span class='ocrx_word' id='word_1_119' title='bbox 289 2249 415 2327; x_wconf 90' lang='lat' dir='ltr'><strong>quadam</strong></span> <span class='ocrx_word' id='word_1_120' title='bbox 431 2256 597 2310; x_wconf 89' lang='lat' dir='ltr'><strong>tractantur</strong></span> <span class='ocrx_word' id='word_1_121' title='bbox 620 2248 757 2319; x_wconf 87' lang='lat' dir='ltr'><strong>lascivia,</strong></span> <span class='ocrx_word' id='word_1_122' title='bbox 781 2245 834 2311; x_wconf 90' lang='lat' dir='ltr'><strong>sed</strong></span> <span class='ocrx_word' id='word_1_123' title='bbox 857 2246 893 2308; x_wconf 94' lang='lat' dir='ltr'><strong>ad</strong></span> <span class='ocrx_word' id='word_1_124' title='bbox 917 2265 1008 2308; x_wconf 91' lang='lat' dir='ltr'><strong>unum</strong></span> <span class='ocrx_word' id='word_1_125' title='bbox 1024 2248 1123 2308; x_wconf 91' lang='lat' dir='ltr'><strong>omnia</strong></span> <span class='ocrx_word' id='word_1_126' title='bbox 1138 2247 1287 2308; x_wconf 90' lang='lat' dir='ltr'><strong>excellunt</strong></span> 
     </span>
     <span class='ocr_line' id='line_1_17' title="bbox 118 2349 1285 2428; baseline -0.001 -19"><span class='ocrx_word' id='word_1_127' title='bbox 118 2368 187 2409; x_wconf 88' lang='lat' dir='ltr'><strong>enm</strong></span> <span class='ocrx_word' id='word_1_128' title='bbox 214 2350 388 2412; x_wconf 88' lang='lat' dir='ltr'><strong>emendatae</strong></span> <span class='ocrx_word' id='word_1_129' title='bbox 417 2350 558 2412; x_wconf 90' lang='lat' dir='ltr'><strong>dictionis</strong></span> <span class='ocrx_word' id='word_1_130' title='bbox 586 2351 690 2420; x_wconf 90' lang='lat' dir='ltr'><strong>lande,</strong></span> <span class='ocrx_word' id='word_1_131' title='bbox 726 2358 789 2411; x_wconf 92' lang='lat' dir='ltr'><strong>tum</strong></span> <span class='ocrx_word' id='word_1_132' title='bbox 822 2351 1004 2410; x_wconf 89' lang='lat' dir='ltr'><strong>inventionis</strong></span> <span class='ocrx_word' id='word_1_133' title='bbox 1031 2349 1167 2410; x_wconf 89' lang='lat' dir='ltr'><strong>acumine</strong></span> <span class='ocrx_word' id='word_1_134' title='bbox 1196 2356 1285 2428; x_wconf 88' lang='lat' dir='ltr'><strong>atque</strong></span> 
     </span>
     <span class='ocr_line' id='line_1_18' title="bbox 78 2449 1285 2529; baseline 0.001 -20"><span class='ocrx_word' id='word_1_135' title='bbox 78 2496 80 2500; x_wconf 14' lang='grc' dir='ltr'><em>Α</em></span> <span class='ocrx_word' id='word_1_136' title='bbox 117 2450 198 2509; x_wconf 92' lang='lat' dir='ltr'><strong>baud</strong></span> <span class='ocrx_word' id='word_1_137' title='bbox 220 2468 290 2511; x_wconf 91' lang='lat' dir='ltr'><strong>raro</strong></span> <span class='ocrx_word' id='word_1_138' title='bbox 312 2452 409 2511; x_wconf 90' lang='lat' dir='ltr'><strong>nativa</strong></span> <span class='ocrx_word' id='word_1_139' title='bbox 432 2451 558 2529; x_wconf 87' lang='lat' dir='ltr'><strong>quadam</strong></span> <span class='ocrx_word' id='word_1_140' title='bbox 582 2458 612 2510; x_wconf 91' lang='lat' dir='ltr'><strong>et</strong></span> <span class='ocrx_word' id='word_1_141' title='bbox 635 2450 756 2511; x_wconf 92' lang='lat' dir='ltr'><strong>amabili</strong></span> <span class='ocrx_word' id='word_1_142' title='bbox 787 2449 1004 2529; x_wconf 90' lang='lat' dir='ltr'><strong>simplicitate&#39;.</strong></span> <span class='ocrx_word' id='word_1_143' title='bbox 1049 2449 1123 2510; x_wconf 88' lang='lat' dir='ltr'><strong>Cum</strong></span> <span class='ocrx_word' id='word_1_144' title='bbox 1145 2451 1191 2510; x_wconf 92' lang='lat' dir='ltr'><strong>bis</strong></span> <span class='ocrx_word' id='word_1_145' title='bbox 1213 2468 1285 2511; x_wconf 89' lang='lat' dir='ltr'><strong>con·</strong></span> 
     </span>
     <span class='ocr_line' id='line_1_19' title="bbox 119 2547 1285 2630; baseline -0.001 -19"><span class='ocrx_word' id='word_1_146' title='bbox 119 2553 236 2629; x_wconf 87' lang='lat' dir='ltr'><strong>spirant</strong></span> <span class='ocrx_word' id='word_1_147' title='bbox 257 2568 333 2629; x_wconf 91' lang='lat' dir='ltr'><strong>quae</strong></span> <span class='ocrx_word' id='word_1_148' title='bbox 356 2550 394 2610; x_wconf 88' lang='lat' dir='ltr'><strong>M.</strong></span> <span class='ocrx_word' id='word_1_149' title='bbox 418 2550 662 2627; x_wconf 86' lang='lat' dir='ltr'><strong>Sengebuscbins</strong></span> <span class='ocrx_word' id='word_1_150' title='bbox 683 2551 769 2612; x_wconf 92' lang='lat' dir='ltr'><strong>Hom.</strong></span> <span class='ocrx_word' id='word_1_151' title='bbox 793 2551 865 2612; x_wconf 89' lang='lat' dir='ltr'><strong>diss.</strong></span> <span class='ocrx_word' id='word_1_152' title='bbox 889 2550 902 2611; x_wconf 97' lang='lat' dir='ltr'><strong>l</strong></span> <span class='ocrx_word' id='word_1_153' title='bbox 924 2570 954 2630; x_wconf 92' lang='lat' dir='ltr'><strong>p.</strong></span> <span class='ocrx_word' id='word_1_154' title='bbox 970 2547 1011 2611; x_wconf 81' lang='lat'><strong>47</strong></span> <span class='ocrx_word' id='word_1_155' title='bbox 1035 2549 1072 2610; x_wconf 92' lang='lat' dir='ltr'><strong>de</strong></span> <span class='ocrx_word' id='word_1_156' title='bbox 1087 2547 1198 2611; x_wconf 89' lang='lat' dir='ltr'><strong>Rhiani</strong></span> <span class='ocrx_word' id='word_1_157' title='bbox 1219 2558 1285 2611; x_wconf 89' lang='lat' dir='ltr'><strong>arte</strong></span> 
     </span>
     <span class='ocr_line' id='line_1_20' title="bbox 118 2651 1286 2731; baseline 0.001 -20"><span class='ocrx_word' id='word_1_158' title='bbox 118 2652 236 2731; x_wconf 91' lang='lat' dir='ltr'><strong>poetica</strong></span> <span class='ocrx_word' id='word_1_159' title='bbox 269 2651 359 2712; x_wconf 85' lang='lat' dir='ltr'><strong>dixit:</strong></span> <span class='ocrx_word' id='word_1_160' title='bbox 394 2651 615 2714; x_wconf 76' lang='lat' dir='ltr'><strong>‘Transtulisse</strong></span> <span class='ocrx_word' id='word_1_161' title='bbox 648 2653 739 2714; x_wconf 90' lang='lat' dir='ltr'><strong>multa</strong></span> <span class='ocrx_word' id='word_1_162' title='bbox 772 2673 809 2714; x_wconf 87' lang='lat' dir='ltr'><strong>ex</strong></span> <span class='ocrx_word' id='word_1_163' title='bbox 843 2653 973 2714; x_wconf 90' lang='lat' dir='ltr'><strong>Homero</strong></span> <span class='ocrx_word' id='word_1_164' title='bbox 1006 2655 1038 2713; x_wconf 92' lang='lat' dir='ltr'><strong>in</strong></span> <span class='ocrx_word' id='word_1_165' title='bbox 1071 2653 1204 2714; x_wconf 91' lang='lat' dir='ltr'><strong>carmina</strong></span> <span class='ocrx_word' id='word_1_166' title='bbox 1232 2670 1286 2712; x_wconf 92' lang='lat' dir='ltr'><strong>sua</strong></span> 
     </span>
     <span class='ocr_line' id='line_1_21' title="bbox 117 2753 1286 2832; baseline 0.001 -19"><span class='ocrx_word' id='word_1_167' title='bbox 117 2753 268 2814; x_wconf 86' lang='lat' dir='ltr'><strong>Rhianum</strong></span> <span class='ocrx_word' id='word_1_168' title='bbox 290 2755 331 2814; x_wconf 93' lang='lat' dir='ltr'><strong>ita</strong></span> <span class='ocrx_word' id='word_1_169' title='bbox 354 2759 388 2813; x_wconf 94' lang='lat' dir='ltr'><strong>ut</strong></span> <span class='ocrx_word' id='word_1_170' title='bbox 410 2753 634 2832; x_wconf 88' lang='lat' dir='ltr'><strong>simplicitatem</strong></span> <span class='ocrx_word' id='word_1_171' title='bbox 661 2757 790 2815; x_wconf 85' lang='lat' dir='ltr'><strong>maxime</strong></span> <span class='ocrx_word' id='word_1_172' title='bbox 813 2754 965 2815; x_wconf 87' lang='lat' dir='ltr'><strong>Homerici</strong></span> <span class='ocrx_word' id='word_1_173' title='bbox 988 2755 1134 2815; x_wconf 90' lang='lat' dir='ltr'><strong>sermonis</strong></span> <span class='ocrx_word' id='word_1_174' title='bbox 1156 2754 1286 2814; x_wconf 88' lang='lat' dir='ltr'><strong>aemula·</strong></span> 
     </span>
     <span class='ocr_line' id='line_1_22' title="bbox 117 2836 1285 2934; baseline -0.001 -18"><span class='ocrx_word' id='word_1_175' title='bbox 117 2863 217 2925; x_wconf 88' lang='lat' dir='ltr'><strong>retur,</strong></span> <span class='ocrx_word' id='word_1_176' title='bbox 240 2857 406 2933; x_wconf 79' lang='lat' dir='ltr'><strong>fragmenta</strong></span> <span class='ocrx_word' id='word_1_177' title='bbox 429 2856 547 2916; x_wconf 91' lang='lat' dir='ltr'><strong>docent.</strong></span> <span class='ocrx_word' id='word_1_178' title='bbox 582 2856 645 2926; x_wconf 79' lang='lat' dir='ltr'><strong>Qua</strong></span> <span class='ocrx_word' id='word_1_179' title='bbox 667 2858 699 2916; x_wconf 96' lang='lat' dir='ltr'><strong>in</strong></span> <span class='ocrx_word' id='word_1_180' title='bbox 722 2874 756 2916; x_wconf 93' lang='lat' dir='ltr'><strong>re</strong></span> <span class='ocrx_word' id='word_1_181' title='bbox 778 2855 865 2934; x_wconf 87' lang='lat' dir='ltr'><strong>longe</strong></span> <span class='ocrx_word' id='word_1_182' title='bbox 887 2857 1013 2917; x_wconf 89' lang='lat' dir='ltr'><strong>recessit</strong></span> <span class='ocrx_word' id='word_1_183' title='bbox 1036 2836 1072 2916; x_wconf 88' lang='lat' dir='ltr'><strong>ab</strong></span> <span class='ocrx_word' id='word_1_184' title='bbox 1088 2855 1285 2917; x_wconf 88' lang='lat' dir='ltr'><strong>ostentatione</strong></span> 
     </span>
     <span class='ocr_line' id='line_1_23' title="bbox 118 2957 1285 3039; baseline -0.001 -22"><span class='ocrx_word' id='word_1_185' title='bbox 118 2958 287 3028; x_wconf 85' lang='lat' dir='ltr'><strong>doctrinae,</strong></span> <span class='ocrx_word' id='word_1_186' title='bbox 327 2976 403 3036; x_wconf 88' lang='lat' dir='ltr'><strong>qnae</strong></span> <span class='ocrx_word' id='word_1_187' title='bbox 437 2959 590 3037; x_wconf 90' lang='lat' dir='ltr'><strong>reperitur</strong></span> <span class='ocrx_word' id='word_1_188' title='bbox 623 2958 701 3039; x_wconf 89' lang='lat' dir='ltr'><strong>apud</strong></span> <span class='ocrx_word' id='word_1_189' title='bbox 734 2957 920 3037; x_wconf 81' lang='lat' dir='ltr'><strong>Apollonium</strong></span> <span class='ocrx_word' id='word_1_190' title='bbox 953 2957 1102 3018; x_wconf 85' lang='lat' dir='ltr'><strong>Rhodium</strong></span> <span class='ocrx_word' id='word_1_191' title='bbox 1134 2966 1165 3017; x_wconf 90' lang='lat' dir='ltr'><strong>et</strong></span> <span class='ocrx_word' id='word_1_192' title='bbox 1197 2957 1285 3018; x_wconf 85' lang='lat' dir='ltr'><strong>Calli-</strong></span> 
     </span>
     <span class='ocr_line' id='line_1_24' title="bbox 117 3060 281 3120; baseline -0.006 0"><span class='ocrx_word' id='word_1_193' title='bbox 117 3060 281 3120; x_wconf 91' lang='lat' dir='ltr'><strong>machum&#39;.</strong></span> 
     </span>
    </p>

    <p class='ocr_par' dir='ltr' id='par_1_3' title="bbox 118 3160 1286 3447">
     <span class='ocr_line' id='line_1_25' title="bbox 203 3160 1286 3241; baseline 0 -19"><span class='ocrx_word' id='word_1_194' title='bbox 203 3161 284 3223; x_wconf 86' lang='lat' dir='ltr'><strong>Haec</strong></span> <span class='ocrx_word' id='word_1_195' title='bbox 306 3163 426 3241; x_wconf 89' lang='lat' dir='ltr'><strong>quidem</strong></span> <span class='ocrx_word' id='word_1_196' title='bbox 454 3164 625 3224; x_wconf 86' lang='lat' dir='ltr'><strong>confirmari</strong></span> <span class='ocrx_word' id='word_1_197' title='bbox 647 3161 822 3233; x_wconf 75' lang='lat' dir='ltr'><strong>videbimus</strong></span> <span class='ocrx_word' id='word_1_198' title='bbox 846 3161 898 3223; x_wconf 93' lang='lat' dir='ltr'><strong>ubi</strong></span> <span class='ocrx_word' id='word_1_199' title='bbox 926 3163 956 3222; x_wconf 94' lang='lat' dir='ltr'><strong>in</strong></span> <span class='ocrx_word' id='word_1_200' title='bbox 979 3160 1095 3239; x_wconf 87' lang='lat' dir='ltr'><strong>singula</strong></span> <span class='ocrx_word' id='word_1_201' title='bbox 1118 3162 1286 3223; x_wconf 89' lang='lat' dir='ltr'><strong>accuratius</strong></span> 
     </span>
     <span class='ocr_line' id='line_1_26' title="bbox 118 3264 1284 3345; baseline 0 -21"><span class='ocrx_word' id='word_1_202' title='bbox 118 3264 373 3343; x_wconf 86' lang='lat' dir='ltr'><strong>inquisiverimus,</strong></span> <span class='ocrx_word' id='word_1_203' title='bbox 404 3283 582 3345; x_wconf 90' lang='lat' dir='ltr'><strong>quamquam</strong></span> <span class='ocrx_word' id='word_1_204' title='bbox 611 3283 717 3344; x_wconf 90' lang='lat' dir='ltr'><strong>parum</strong></span> <span class='ocrx_word' id='word_1_205' title='bbox 745 3270 883 3343; x_wconf 87' lang='lat' dir='ltr'><strong>superest</strong></span> <span class='ocrx_word' id='word_1_206' title='bbox 915 3265 1167 3342; x_wconf 80' lang='lat' dir='ltr'><strong>fragmentorum,</strong></span> <span class='ocrx_word' id='word_1_207' title='bbox 1196 3283 1284 3344; x_wconf 91' lang='lat' dir='ltr'><strong>quam</strong></span> 
     </span>
     <span class='ocr_line' id='line_1_27' title="bbox 120 3366 982 3447; baseline 0 -21"><span class='ocrx_word' id='word_1_208' title='bbox 120 3375 154 3426; x_wconf 91' lang='lat' dir='ltr'><strong>ut</strong></span> <span class='ocrx_word' id='word_1_209' title='bbox 175 3367 290 3443; x_wconf 86' lang='lat' dir='ltr'><strong>largam</strong></span> <span class='ocrx_word' id='word_1_210' title='bbox 313 3367 560 3429; x_wconf 86' lang='lat' dir='ltr'><strong>documentorum</strong></span> <span class='ocrx_word' id='word_1_211' title='bbox 583 3369 700 3447; x_wconf 87' lang='lat' dir='ltr'><strong>copiam</strong></span> <span class='ocrx_word' id='word_1_212' title='bbox 722 3367 862 3447; x_wconf 87' lang='lat' dir='ltr'><strong>prolerre</strong></span> <span class='ocrx_word' id='word_1_213' title='bbox 884 3366 982 3427; x_wconf 88' lang='lat' dir='ltr'><strong>liceat.</strong></span> 
     </span>
    </p>

    <p class='ocr_par' dir='ltr' id='par_1_4' title="bbox 116 3467 1285 3955">
     <span class='ocr_line' id='line_1_28' title="bbox 202 3467 1285 3548; baseline 0.001 -20"><span class='ocrx_word' id='word_1_214' title='bbox 202 3467 337 3529; x_wconf 90' lang='lat' dir='ltr'><strong>Primum</strong></span> <span class='ocrx_word' id='word_1_215' title='bbox 358 3471 467 3547; x_wconf 88' lang='lat' dir='ltr'><strong>igitur,</strong></span> <span class='ocrx_word' id='word_1_216' title='bbox 496 3477 531 3530; x_wconf 87' lang='lat' dir='ltr'><strong>ut</strong></span> <span class='ocrx_word' id='word_1_217' title='bbox 552 3468 590 3531; x_wconf 95' lang='lat' dir='ltr'><strong>ab</strong></span> <span class='ocrx_word' id='word_1_218' title='bbox 618 3489 653 3530; x_wconf 89' lang='lat' dir='ltr'><strong>eo</strong></span> <span class='ocrx_word' id='word_1_219' title='bbox 676 3469 775 3530; x_wconf 90' lang='lat' dir='ltr'><strong>studio</strong></span> <span class='ocrx_word' id='word_1_220' title='bbox 797 3468 957 3529; x_wconf 90' lang='lat' dir='ltr'><strong>Homerico</strong></span> <span class='ocrx_word' id='word_1_221' title='bbox 983 3469 1177 3547; x_wconf 85' lang='lat' dir='ltr'><strong>incipiamus,</strong></span> <span class='ocrx_word' id='word_1_222' title='bbox 1205 3469 1285 3548; x_wconf 88' lang='lat' dir='ltr'><strong>quod</strong></span> 
     </span>
     <span class='ocr_line' id='line_1_29' title="bbox 117 3569 1284 3639; baseline 0.001 -10"><span class='ocrx_word' id='word_1_223' title='bbox 117 3572 254 3630; x_wconf 89' lang='lat' dir='ltr'><strong>cernitur</strong></span> <span class='ocrx_word' id='word_1_224' title='bbox 276 3572 307 3630; x_wconf 96' lang='lat' dir='ltr'><strong>in</strong></span> <span class='ocrx_word' id='word_1_225' title='bbox 335 3569 479 3631; x_wconf 82' lang='lat' dir='ltr'><strong>tabulis</strong></span> <span class='ocrx_word' id='word_1_226' title='bbox 506 3571 542 3632; x_wconf 92' lang='lat' dir='ltr'><strong>ad</strong></span> <span class='ocrx_word' id='word_1_227' title='bbox 572 3570 800 3632; x_wconf 89' lang='lat' dir='ltr'><strong>similitudinem</strong></span> <span class='ocrx_word' id='word_1_228' title='bbox 827 3570 1053 3631; x_wconf 86' lang='lat' dir='ltr'><strong>Homericarum</strong></span> <span class='ocrx_word' id='word_1_229' title='bbox 1081 3570 1284 3639; x_wconf 78' lang='lat' dir='ltr'><strong>conformatis,</strong></span> 
     </span>
     <span class='ocr_line' id='line_1_30' title="bbox 117 3671 1283 3752; baseline 0 -20"><span class='ocrx_word' id='word_1_230' title='bbox 117 3675 209 3733; x_wconf 88' lang='lat' dir='ltr'><strong>missa</strong></span> <span class='ocrx_word' id='word_1_231' title='bbox 231 3672 369 3733; x_wconf 86' lang='lat' dir='ltr'><strong>iacienda</strong></span> <span class='ocrx_word' id='word_1_232' title='bbox 391 3679 460 3732; x_wconf 91' lang='lat' dir='ltr'><strong>sunt</strong></span> <span class='ocrx_word' id='word_1_233' title='bbox 482 3673 722 3742; x_wconf 79' lang='lat' dir='ltr'><strong>Thessalica,</strong></span> <span class='ocrx_word' id='word_1_234' title='bbox 746 3671 890 3743; x_wconf 85' lang='lat' dir='ltr'><strong>Eliaca,</strong></span> <span class='ocrx_word' id='word_1_235' title='bbox 913 3672 1089 3742; x_wconf 77' lang='lat' dir='ltr'><strong>Achaica,</strong></span> <span class='ocrx_word' id='word_1_236' title='bbox 1117 3691 1193 3752; x_wconf 91' lang='lat' dir='ltr'><strong>qnae</strong></span> <span class='ocrx_word' id='word_1_237' title='bbox 1216 3690 1283 3732; x_wconf 90' lang='lat' dir='ltr'><strong>oum</strong></span> 
     </span>
     <span class='ocr_line' id='line_1_31' title="bbox 117 3772 1284 3853; baseline -0.002 -20"><span class='ocrx_word' id='word_1_238' title='bbox 117 3775 150 3834; x_wconf 91' lang='lat' dir='ltr'><strong>in</strong></span> <span class='ocrx_word' id='word_1_239' title='bbox 173 3781 349 3851; x_wconf 85' lang='lat' dir='ltr'><strong>argumento</strong></span> <span class='ocrx_word' id='word_1_240' title='bbox 372 3773 607 3853; x_wconf 78' lang='lat' dir='ltr'><strong>etHnograpbieo</strong></span> <span class='ocrx_word' id='word_1_241' title='bbox 630 3780 836 3844; x_wconf 85' lang='lat' dir='ltr'><strong>versarentur,</strong></span> <span class='ocrx_word' id='word_1_242' title='bbox 860 3776 908 3834; x_wconf 83' lang='lat' dir='ltr'><strong>vix</strong></span> <span class='ocrx_word' id='word_1_243' title='bbox 932 3774 1019 3834; x_wconf 92' lang='lat' dir='ltr'><strong>aliam</strong></span> <span class='ocrx_word' id='word_1_244' title='bbox 1042 3772 1194 3834; x_wconf 89' lang='lat' dir='ltr'><strong>habebant</strong></span> <span class='ocrx_word' id='word_1_245' title='bbox 1215 3791 1284 3832; x_wconf 89' lang='lat' dir='ltr'><strong>cum</strong></span> 
     </span>
     <span class='ocr_line' id='line_1_32' title="bbox 116 3874 1283 3955; baseline -0.004 -18"><span class='ocrx_word' id='word_1_246' title='bbox 116 3875 239 3937; x_wconf 87' lang='lat' dir='ltr'><strong>Homeri</strong></span> <span class='ocrx_word' id='word_1_247' title='bbox 263 3874 446 3937; x_wconf 88' lang='lat' dir='ltr'><strong>carminibus</strong></span> <span class='ocrx_word' id='word_1_248' title='bbox 468 3875 656 3946; x_wconf 85' lang='lat' dir='ltr'><strong>affinitatem,</strong></span> <span class='ocrx_word' id='word_1_249' title='bbox 686 3893 775 3955; x_wconf 89' lang='lat' dir='ltr'><strong>quam</strong></span> <span class='ocrx_word' id='word_1_250' title='bbox 797 3876 875 3955; x_wconf 92' lang='lat' dir='ltr'><strong>quod</strong></span> <span class='ocrx_word' id='word_1_251' title='bbox 898 3892 1035 3937; x_wconf 88' lang='lat' dir='ltr'><strong>sermone</strong></span> <span class='ocrx_word' id='word_1_252' title='bbox 1058 3876 1143 3953; x_wconf 91' lang='lat' dir='ltr'><strong>epico</strong></span> <span class='ocrx_word' id='word_1_253' title='bbox 1165 3883 1195 3935; x_wconf 88' lang='lat' dir='ltr'><strong>et</strong></span> <span class='ocrx_word' id='word_1_254' title='bbox 1217 3891 1283 3934; x_wconf 90' lang='lat' dir='ltr'><strong>ver·</strong></span> 
     </span>
    </p>
   </div>
   <div class='ocr_carea' id='block_1_3' title="bbox 5 4087 1284 4418">
    <p class='ocr_par' dir='ltr' id='par_1_5' title="bbox 5 4087 1284 4418">
     <span class='ocr_line' id='line_1_33' title="bbox 5 4087 1283 4166; baseline -0.006 -17"><span class='ocrx_word' id='word_1_255' title='bbox 5 4142 17 4166; x_wconf 25' lang='lat' dir='ltr'><strong>,r</strong></span> <span class='ocrx_word' id='word_1_256' title='bbox 187 4097 229 4162; x_wconf 94' lang='lat'><strong>11)</strong></span> <span class='ocrx_word' id='word_1_257' title='bbox 247 4093 437 4162; x_wconf 84' lang='lat' dir='ltr'><strong>Meleager,</strong></span> <span class='ocrx_word' id='word_1_258' title='bbox 455 4092 503 4160; x_wconf 91' lang='lat' dir='ltr'><strong>qui</strong></span> <span class='ocrx_word' id='word_1_259' title='bbox 520 4090 622 4146; x_wconf 82' lang='lat' dir='ltr'><strong>Rhiaui</strong></span> <span class='ocrx_word' id='word_1_260' title='bbox 640 4091 845 4161; x_wconf 82' lang='lat' dir='ltr'><strong>epigrammata</strong></span> <span class='ocrx_word' id='word_1_261' title='bbox 861 4092 891 4144; x_wconf 90' lang='lat' dir='ltr'><strong>in</strong></span> <span class='ocrx_word' id='word_1_262' title='bbox 909 4092 1058 4159; x_wconf 83' lang='grc' dir='ltr'>(τέφανον</span> <span class='ocrx_word' id='word_1_263' title='bbox 1069 4106 1150 4143; x_wconf 85' lang='lat' dir='ltr'><strong>suum</strong></span> <span class='ocrx_word' id='word_1_264' title='bbox 1167 4087 1283 4159; x_wconf 82' lang='lat' dir='ltr'><strong>recepit,</strong></span> 
     </span>
     <span class='ocr_line' id='line_1_34' title="bbox 5 4160 1284 4260; baseline -0.005 -27"><span class='ocrx_word' id='word_1_265' title='bbox 5 4160 18 4260; x_wconf 25' lang='grc' dir='ltr'><strong>ἰν,</strong></span> <span class='ocrx_word' id='word_1_266' title='bbox 116 4181 150 4233; x_wconf 83' lang='lat' dir='ltr'><strong>ut</strong></span> <span class='ocrx_word' id='word_1_267' title='bbox 167 4187 294 4233; x_wconf 82' lang='lat' dir='ltr'><strong>‘suavem</strong></span> <span class='ocrx_word' id='word_1_268' title='bbox 311 4178 507 4248; x_wconf 85' lang='lat' dir='ltr'><strong>placidumque</strong></span> <span class='ocrx_word' id='word_1_269' title='bbox 524 4194 654 4232; x_wconf 86' lang='lat' dir='ltr'><strong>versuum</strong></span> <span class='ocrx_word' id='word_1_270' title='bbox 671 4193 780 4230; x_wconf 90' lang='lat' dir='ltr'><strong>cursum</strong></span> <span class='ocrx_word' id='word_1_271' title='bbox 798 4177 827 4229; x_wconf 84' lang='lat' dir='ltr'><strong>et</strong></span> <span class='ocrx_word' id='word_1_272' title='bbox 838 4175 1021 4230; x_wconf 84' lang='lat' dir='ltr'><strong>aromaticam</strong></span> <span class='ocrx_word' id='word_1_273' title='bbox 1039 4174 1118 4244; x_wconf 86' lang='lat' dir='ltr'><strong>quasi</strong></span> <span class='ocrx_word' id='word_1_274' title='bbox 1130 4173 1284 4228; x_wconf 86' lang='lat' dir='ltr'><strong>carminum</strong></span> 
     </span>
     <span class='ocr_line' id='line_1_35' title="bbox 12 4248 1283 4333; baseline -0.006 -13"><span class='ocrx_word' id='word_1_275' title='bbox 12 4248 14 4255; x_wconf 38' lang='lat'><em>&#39;</em></span> <span class='ocrx_word' id='word_1_276' title='bbox 116 4266 259 4319; x_wconf 82' lang='lat' dir='ltr'><strong>naturam’</strong></span> <span class='ocrx_word' id='word_1_277' title='bbox 279 4265 314 4333; x_wconf 87' lang='lat' dir='ltr'><strong>(v.</strong></span> <span class='ocrx_word' id='word_1_278' title='bbox 327 4263 451 4318; x_wconf 79' lang='lat' dir='ltr'><strong>Saalium</strong></span> <span class='ocrx_word' id='word_1_279' title='bbox 461 4281 489 4333; x_wconf 95' lang='lat' dir='ltr'><strong>p.</strong></span> <span class='ocrx_word' id='word_1_280' title='bbox 505 4264 547 4331; x_wconf 84' lang='lat'><strong>15)</strong></span> <span class='ocrx_word' id='word_1_281' title='bbox 569 4261 753 4331; x_wconf 84' lang='lat' dir='ltr'><strong>significaret,</strong></span> <span class='ocrx_word' id='word_1_282' title='bbox 773 4260 809 4315; x_wconf 92' lang='lat' dir='ltr'><strong>de</strong></span> <span class='ocrx_word' id='word_1_283' title='bbox 827 4276 860 4314; x_wconf 88' lang='lat' dir='ltr'><strong>eo</strong></span> <span class='ocrx_word' id='word_1_284' title='bbox 878 4259 961 4314; x_wconf 83' lang='lat' dir='ltr'><strong>dixit:</strong></span> <span class='ocrx_word' id='word_1_285' title='bbox 979 4267 1015 4330; x_wconf 84' lang='grc' dir='ltr'><strong>τῇ</strong></span> <span class='ocrx_word' id='word_1_286' title='bbox 1034 4262 1065 4314; x_wconf 85' lang='grc' dir='ltr'><strong>δ’</strong></span> <span class='ocrx_word' id='word_1_287' title='bbox 1082 4260 1139 4327; x_wconf 81' lang='grc' dir='ltr'><strong>ἅμα</strong></span> <span class='ocrx_word' id='word_1_288' title='bbox 1155 4262 1201 4314; x_wconf 80' lang='grc' dir='ltr'><strong>καὶ</strong></span> <span class='ocrx_word' id='word_1_289' title='bbox 1219 4261 1283 4328; x_wconf 81' lang='grc' dir='ltr'>(άμ-</span> 
     </span>
     <span class='ocr_line' id='line_1_36' title="bbox 115 4349 594 4418; baseline -0.006 -14"><span class='ocrx_word' id='word_1_290' title='bbox 115 4366 211 4418; x_wconf 88' lang='grc' dir='ltr'>ψυχον</span> <span class='ocrx_word' id='word_1_291' title='bbox 229 4349 285 4417; x_wconf 84' lang='grc' dir='ltr'><strong>ἀφ’</strong></span> <span class='ocrx_word' id='word_1_292' title='bbox 301 4349 457 4417; x_wconf 81' lang='grc' dir='ltr'>ἡδυπνόοιο</span> <span class='ocrx_word' id='word_1_293' title='bbox 475 4349 594 4403; x_wconf 77' lang='grc' dir='ltr'>Ῥιανοῦ.</span> 
     </span>
    </p>
   </div>
   <div class='ocr_carea' id='block_1_4' title="bbox 0 0 1660 5226">
    <p class='ocr_par' dir='ltr' id='par_1_6' title="bbox 0 0 1660 5226">
     <span class='ocr_line' id='line_1_37' title="bbox 0 0 1660 5226; baseline 0 0"><span class='ocrx_word' id='word_1_294' title='bbox 0 0 1660 5226; x_wconf 95' lang='lat' dir='ltr'><strong> </strong></span> 
     </span>
    </p>
   </div>
  </div>
 </body>
</html>
