3312 5226
818 397 970 499 Ab„

310 591 500 651 indicaveris.
546 588 586 649 Αο
608 589 738 666 primum
762 587 883 666 quidem
905 587 984 667 quod
1008 590 1039 647 in
1061 589 1214 665 principio
1238 606 1341 648 versus
1362 587 1402 664 δή
1423 607 1482 668 pro

308 691 359 754 καί
382 675 551 759 substituit,
576 689 605 749 id
629 690 738 748 iactum
762 697 888 748 estnon
917 696 977 748 tam
999 694 1033 748 ut
1061 687 1200 766 apodosis
1229 692 1325 767 magis
1352 692 1481 767 insigni·

309 801 408 862 retur,
431 810 520 872 quam
542 800 576 851 ut
598 791 657 850 duo
680 792 834 850 enuntiata
858 790 992 850 eiusdem
1009 797 1177 850 structurae
1200 809 1234 850 ao
1256 792 1372 852 formae
1389 788 1483 851 etiam

309 893 470 955 verborum
501 896 601 971 specie
630 893 857 952 accuratissime
891 890 951 952 sibi
984 892 1218 972 responderent,
1253 910 1321 955 nam
1352 911 1419 952 cum
1447 895 1482 953 in

309 999 411 1076 priore
435 997 589 1057 enuntiato
611 991 691 1072 ἧμοε
719 991 897 1070 particulam
919 995 951 1052 in
974 997 1087 1072 protasi
1115 996 1242 1073 positam
1269 993 1309 1069 δὴ
1331 992 1405 1056 τότε
1426 1012 1483 1054 ex·

310 1101 463 1175 ciperem,
487 1097 606 1158 easdem
630 1085 722 1156 voluit
744 1094 906 1172 particulas
928 1096 960 1154 iu
983 1095 1076 1155 altero
1098 1098 1179 1173 poni.
1217 1095 1385 1157 Obscurius
1407 1114 1481 1156 vero

310 1208 356 1260 est
378 1207 407 1260 et
429 1201 530 1260 minus
551 1197 636 1259 iacile
660 1197 696 1258 ad
719 1197 934 1274 indagandum,
964 1215 1018 1257 cur
1033 1196 1133 1257 dativo
1161 1198 1256 1259 πᾶειν
1286 1200 1400 1257 reiecto
1421 1197 1481 1275 μῦ-

309 1304 369 1364 θον
398 1303 564 1378 scripserit.
609 1299 683 1360 Nam
713 1299 770 1358 boc
805 1299 926 1378 quidem
954 1297 1087 1359 Rhianus
1116 1301 1248 1376 cogitare
1281 1317 1341 1359 non
1369 1301 1478 1378 potuit,

311 1403 422 1463 Vlixem
452 1404 563 1463 iniuria
591 1401 651 1461 dici
681 1409 804 1460 cunctos
832 1403 931 1461 socios
959 1400 1094 1479 adloqui,
1125 1402 1265 1479 quoniam
1294 1420 1304 1461 ι
1328 1396 1389 1461 168
1411 1418 1479 1479 sqq.

309 1506 497 1582 septuaginta
521 1505 579 1565 duo
594 1505 758 1583 periissent
779 1502 895 1579 proelio
918 1520 985 1562 cum
1001 1501 1163 1563 Ciconibus
1185 1504 1358 1573 commisso,
1382 1496 1481 1563 κ188

308 1613 408 1666 οοῑοιο
438 1624 454 1666 ο
482 1605 716 1684 Laestrygonum
739 1613 828 1682 portu
851 1622 908 1664 una
926 1590 1022 1681 ipsius
1044 1604 1126 1664 navis
1142 1603 1300 1664 incolumis
1322 1605 1479 1671 evasisset,

307 1710 418 1768 ceteris
442 1705 569 1767 navibus
591 1707 694 1765 tractis
716 1707 866 1784 sociisque
890 1704 1030 1766 omnibus
1059 1706 1241 1775 interlectis;
1272 1723 1359 1782 quam
1382 1704 1480 1765 imbe-

307 1810 369 1870 cilli
392 1812 474 1869 cuim
497 1816 576 1869 esset
610 1807 716 1868 iudicii
749 1808 890 1883 ignorare
924 1826 976 1866 eos
1004 1807 1139 1885 intellegi
1167 1809 1279 1877 socios,
1310 1824 1385 1887 quos
1412 1814 1481 1866 tum

307 1912 504 1971 cummaxime
532 1908 672 1978 baberet,
703 1927 763 1968 non
797 1927 872 1988 quos
901 1927 1033 1988 uuquam
1060 1907 1228 1969 habuisset.
1273 1907 1376 1988 Neque
1405 1927 1479 1973 vero

308 2010 395 2083 illud,
419 2020 508 2088 puto,
533 2014 564 2071 in
587 2028 676 2070 causa
698 2011 771 2079 fuit,
796 1994 875 2090 quod
897 2029 964 2071 cum
986 2010 1078 2070 verba
1101 2007 1224 2086 ἀγορὴν
1247 2008 1381 2088 θέμενοι
1403 2013 1481 2070 satis

305 2116 466 2194 perspicue
506 2114 711 2191 exprimerent
750 2118 873 2170 cunctos
914 2114 1047 2172 contioni
1087 2115 1255 2181 interesse,
1293 2112 1387 2174 πᾶειν
1418 2129 1480 2188 per

306 2215 513 2293 pleonasmum
536 2213 671 2273 additum
693 2229 759 2272 esse
782 2211 947 2287 arbitratus
970 2220 1029 2273 est:
1054 2213 1132 2298 ¹haec
1161 2215 1240 2273 euim
1271 2216 1375 2290 epicae
1405 2231 1478 2273 ora-

295 2319 398 2384 tionis
421 2316 556 2384 ubertas,
582 2317 608 2375 si
631 2320 766 2394 quaest,
790 2315 839 2373 cui
856 2314 1015 2375 offensioni
1030 2333 1095 2375 esse
1112 2316 1228 2393 potest?
1252 2314 1362 2375 Verum
1377 2317 1478 2375 enim-

306 2439 376 2480 vero
399 2437 486 2480 usum
509 2416 669 2477 verborum
703 2415 854 2491 persicon
887 2415 1046 2495 μετάφημι
1073 2414 1273 2493 μεταφωνέω
1301 2413 1474 2493 μεταυδὰω

306 2522 503 2599 perlustranti
523 2505 557 2578 iu
580 2518 739 2578 verborum
762 2523 911 2578 structura
935 2518 1008 2578 mibi
1031 2518 1148 2578 videtur
1170 2517 1305 2578 Rhianus
1327 2517 1475 2578 haesisse.

307 2623 382 2683 Nam
396 2621 574 2699 ubicunque
597 2621 765 2679 contionari
787 2622 855 2698 quis
878 2618 1004 2689 dicitur,
1028 2620 1101 2679 haee
1115 2618 1206 2679 verba
1229 2621 1394 2699 composita
1409 2618 1475 2679 llo-

307 2741 409 2784 merus
430 2724 516 2800 ponit
538 2729 590 2781 aut
611 2720 760 2790 absolute,
783 2728 816 2780 ut
841 2720 865 2782 Η
889 2717 939 2781 94.
962 2739 981 2798 η
1006 2716 1081 2790 155,
1113 2728 1164 2781 aut
1191 2740 1259 2781 cum
1282 2720 1381 2781 dativo
1402 2731 1478 2797 per-

305 2844 396 2887 sonae
418 2826 591 2892 coniuncta,
614 2828 649 2881 ut
670 2821 696 2883 Α
717 2819 768 2883 73.
793 2825 811 2900 β
833 2818 874 2883 95
896 2819 986 2901 ἄφαρ
1008 2819 1042 2884 δ’
1070 2819 1144 2900 ἡμῖν
1173 2819 1347 2903 μετέειπεν,
1369 2841 1387 2883 π
1411 2819 1478 2883 140

303 2923 402 3006 ἄιμοιμΙ
421 2923 455 2988 δ’
483 2921 593 2987 αὐτοῖο
622 2922 806 3001 μετέειπον,
844 2933 893 2986 aut
921 2927 1010 2986 tmesi
1038 2923 1167 2985 admissa
1195 2927 1398 2986 accusativum
1426 2928 1477 2986 rei

303 3031 483 3106 interponit,
513 3035 546 3085 ut
568 3023 576 3087 Ι
599 3022 662 3086 623
685 3026 765 3089 coici
787 3074 793 3088 .
812 3071 819 3084 .
841 3024 1087 3105 Τελαμωνιάδῃ(
1117 3024 1195 3102 μετὰ
1222 3027 1323 3103 μῦθον
1352 3023 1476 3108 ἔειπεν,

302 3151 320 3192 κ
341 3127 403 3191 561
426 3130 527 3191 τοῖειν
550 3125 614 3202 ἐγὼ
638 3127 716 3204 μετὰ
731 3131 832 3202 μῦθον
855 3125 978 3192 ἔειπον.
1012 3128 1046 3189 ln
1070 3137 1173 3188 nostro
1195 3135 1294 3188 autern
1317 3146 1414 3198 versu,
1438 3137 1478 3190 ut

304 3231 391 3308 vulgo
414 3231 538 3308 legitur,
563 3246 631 3289 cum
655 3232 765 3289 tmesin
790 3238 856 3308 apte
881 3238 1012 3291 statuere
1028 3248 1087 3290 non
1109 3229 1198 3290 liceat
1214 3228 1278 3308 (cir.
1296 3229 1476 3309 llruogerus

303 3351 349 3411 gr.
372 3350 417 3411 gr.
446 3331 473 3391 ll
502 3330 525 3411 §
548 3328 604 3401 68,
628 3327 680 3400 50,
702 3326 744 3411 5),
768 3332 895 3411 simplex
917 3329 1028 3394 ἔειπον
1057 3338 1234 3411 usurpatum
1257 3341 1302 3393 est
1324 3340 1354 3393 et
1375 3333 1474 3396 πᾶειν

303 3434 416 3514 pendet
436 3453 452 3494 a
474 3431 552 3509 μετά
574 3435 812 3511 praepositione,
841 3437 928 3495 euius
951 3435 1184 3494 constructionis
1206 3433 1284 3512 apud
1306 3433 1475 3496 Homerum

304 3536 472 3614 exemplum
505 3538 574 3595 novi
605 3535 719 3597 nullum
756 3544 876 3613 praeter
909 3555 933 3597 π
960 3532 1023 3596 336
1057 3536 1153 3611 κῆρυξ
1193 3533 1250 3612 μέν
1288 3532 1328 3612 ῥα
1364 3534 1475 3618 μέεῃει

304 3636 382 3715 μετὰ
414 3639 553 3717 onusque
586 3634 692 3699 ἔειπεν
726 3645 756 3696 οι
788 3634 891 3699 6433
914 3635 1026 3714 Ἀρήτη
1060 3636 1096 3698 δέ
1132 3634 1211 3715 μετὰ
1244 3639 1384 3719 δμωῇειν
1407 3635 1472 3700 ἔει-

302 3759 372 3804 πεν.
417 3738 563 3800 Similiter
600 3758 668 3800 cum
703 3741 810 3817 ingens
843 3742 883 3800 sit
916 3757 1056 3800 versuum
1093 3757 1252 3808 numerus
1290 3742 1322 3800 in
1358 3739 1474 3819 quibus

301 3842 360 3906 τὸν
387 3841 423 3904 δὲ
444 3887 475 3902 ..
499 3840 646 3920 προιέφη
677 3838 728 3901 vel
752 3842 862 3903 similia
894 3841 1052 3919 leguntur,
1086 3860 1146 3901 non
1179 3841 1255 3902 solet
1287 3841 1348 3902 dici
1385 3840 1474 3918 πρὸ(

300 3945 360 4009 τὸν
386 3993 416 4006 ..
447 3941 519 4021 ἔφη.
550 3943 632 4003 Ηοοο
669 3945 764 4019 igitur
797 3942 836 4003 ob
869 3961 989 4004 causam
1018 3943 1153 4004 Rhianus
1185 3962 1201 4003 a
1231 3941 1349 4021 vulgata
1371 3946 1473 4020 scrip-

303 4056 368 4107 tura
392 4048 518 4106 recessit
541 4053 570 4106 et
594 4047 695 4121 μῦθον
718 4047 833 4122 posuit,
858 4044 937 4124 quod
960 4046 1100 4106 baustum
1116 4052 1161 4105 est
1176 4063 1212 4106 ex
1227 4045 1364 4106 versibus
1377 4061 1471 4122 supra

301 4150 397 4209 allatis
421 4147 427 4209 l
455 4143 518 4207 623
541 4154 570 4206 et
592 4165 610 4207 κ
632 4143 693 4207 561
718 4154 748 4206 et
770 4145 807 4207 ad
835 4146 1064 4208 similitudinem
1092 4147 1208 4207 accedit
1235 4147 1395 4207 locutionis
1415 4146 1474 4210 καί

300 4269 352 4328 μιν
374 4247 457 4324 πρὸ(
479 4250 580 4324 μῦθον
602 4244 709 4309 ἔειπεν
732 4250 750 4309 b
774 4245 846 4308 803.
869 4244 951 4311 121.
977 4245 1061 4324 974.
1086 4266 1101 4309 ε
1125 4245 1196 4309 169.
1221 4246 1294 4326 ψ4.
1316 4249 1472 4309 Personae
1538 4238 1543 4241 ’

301 4359 400 4411 autem
429 4349 546 4409 dativus
578 4368 639 4410 non
661 4348 898 4420 desiderabitur,
928 4353 1039 4429 quippe
1070 4353 1157 4411 cuius
1184 4351 1281 4411 locum
1309 4349 1474 4414 obtineant
