3312 5226
870 407 1019 501 „u

481 578 584 676 χαῖρε,
606 597 699 676 ξεῖνε,
722 593 801 671 παρ’
822 591 898 673 ἄμμι
921 594 1081 673 φιλήεεαι·
1103 592 1204 671 αὐτὰρ
1227 594 1335 658 ἔπειτα

478 698 612 761 δείπνου
634 694 839 773 πατεόιμενοε
856 695 1005 775 μυθήεεαι
1028 694 1143 760 ὅττεό
1166 715 1199 760 ce
1222 695 1297 774 χρή·
1319 780 1322 785 1

351 800 448 861 Sclrol.
471 797 507 862 ἐν
529 804 567 882 τῇ
590 800 669 863 κατὰ
691 797 819 862 Ῥιανόν
847 796 979 877 ἄμεινον
1007 796 1185 876 ἐγέγραπτο
1213 796 1331 862 ὅττευ
1360 816 1397 860 εε
1425 798 1516 880 χρή,

353 899 398 964 dat
409 899 555 977 ἀλλαχοῦ
572 900 600 979 (ρ
618 897 687 980 121)
711 898 824 964 «ὅττευ
845 899 1012 978 χρηΐζων.»
1034 901 1060 960 Η
1077 900 1102 979 (a
1118 920 1157 961 m.
1174 900 1245 979 see.)
1262 902 1300 961 M.
1324 900 1389 972 Quo
1404 903 1520 962 rectius

351 1022 544 1083 assequamur
559 1003 813 1064 Rhianimentem
835 1010 865 1063 et
880 1005 1075 1072 sententiam,
1098 1003 1315 1082 perlustramus
1329 1006 1520 1081 pronominis

351 1103 434 1169 ὅετιε
450 1108 580 1184 genetivi
602 1124 690 1166 usum
711 1104 913 1166 Homericum.
949 1106 1043 1181 Atque
1066 1123 1134 1165 curn
1157 1106 1317 1184 quinquies
1344 1107 1518 1182 genetivum

351 1211 495 1288 scriptum
520 1209 670 1286 legamus,
700 1225 845 1287 nusquam
875 1203 1003 1271 οὗτινοε
1030 1214 1081 1267 aut
1102 1202 1182 1270 ὅτου
1204 1208 1315 1268 formas
1337 1208 1519 1286 reperimus,

351 1310 403 1371 sed
437 1310 494 1371 bis
528 1307 580 1371 καὶ
612 1307 704 1371 ὅτευ
732 1306 927 1386 κεχρημένοι
959 1305 1049 1370 ἔλθοι
1076 1304 1177 1383 ρ421
1208 1315 1238 1368 et
1259 1326 1278 1369 τ
1300 1305 1357 1388 tt,
1383 1306 1434 1368 ubi
1463 1308 1520 1368 ati-

351 1419 398 1472 tcr
419 1411 478 1489 legi
501 1430 560 1472 non
582 1429 669 1489 posse
693 1418 820 1472 metrum
835 1411 936 1480 docet,
965 1419 1035 1487 etp
1061 1407 1119 1470 121
1148 1406 1263 1472 ὅττευ
1290 1408 1430 1487 χρηΐζων
1452 1408 1520 1473 tro-

350 1531 412 1590 μην
435 1510 657 1591 Λακεδαίμονα
679 1513 767 1582 δῖαν,
791 1512 844 1573 ubi
866 1518 989 1591 propter
1019 1512 1171 1573 metricam
1193 1514 1403 1572 necessitatem
1425 1530 1444 1573 τ
1466 1512 1529 1574 lit-·
1582 1564 1584 1573 .

353 1623 415 1676 tera
438 1615 616 1692 geminanda
640 1621 718 1684 erat;
734 1647 777 1658 -
799 1632 833 1674 ac
855 1616 979 1675 fortasse
1003 1615 1093 1674 etiam
1117 1610 1139 1674 ί
1161 1610 1221 1674 192
1243 1614 1302 1673 huc
1324 1614 1520 1676 referendum

352 1723 411 1786 est,
436 1715 487 1776 ubi
511 1735 565 1796 pro
588 1713 691 1778 ἄλλου
714 1713 747 1778 δ’
775 1712 815 1777 οὔ
843 1733 899 1777 τευ
922 1710 997 1778 οἶδα
1018 1715 1085 1776 τεῦ
1113 1712 1153 1778 ἂν
1180 1713 1278 1777 κλυτὰ
1305 1713 1420 1791 τεύχεα
1449 1713 1520 1778 δύω

352 1822 549 1879 coniectatum
577 1825 622 1878 est
645 1813 723 1879 οἷδ’
747 1814 902 1879 ὅτευ-
933 1816 1048 1879 duobus
1076 1817 1198 1896 reliquls
1226 1834 1247 1878 α
1271 1813 1332 1876 124
1361 1824 1391 1877 et
1412 1834 1432 1894 χ
1454 1814 1519 1878 377

352 1917 444 1983 ὅττεό
467 1938 504 1996 με
527 1918 587 1997 χρή
609 1919 696 1997 vulgo
719 1905 976 1981 iirveotraditum
1000 1926 1055 1979 est.
1086 1919 1158 1981 Cum
1180 1919 1273 1995 igitur
1293 1926 1415 1998 praeter
1437 1919 1520 1980 hunc

351 2041 470 2082 versum
498 2021 534 2081 de
563 2039 621 2100 quo
649 2021 849 2100 disceptamus
883 2021 975 2081 semel
1009 2027 1124 2081 tantum
1160 2016 1253 2083 ὅττεο
1281 2022 1398 2081 levatur
1427 2020 1520 2099 idque

351 2125 381 2182 in
409 2141 498 2183 versu
531 2121 694 2200 simillimo,
728 2123 828 2182 lacere
851 2140 910 2182 non
939 2140 1113 2202 possumus,
1148 2125 1221 2201 quin
1248 2122 1398 2182 Rhianum
1427 2123 1520 2183 etiam

352 2221 455 2301 ,4377
483 2220 577 2287 ὅττευ
609 2223 775 2285 correxisse
808 2242 863 2303 pro
885 2220 978 2287 ὅττευ
1008 2233 1037 2285 et
1064 2225 1141 2303 hanc
1163 2225 1294 2301 genetivi
1322 2225 1449 2285 formam
1479 2222 1519 2284 ab

351 2325 480 2386 Homero
509 2327 597 2405 plano
626 2325 840 2387 abiudicavisse
863 2343 1046 2387 censeamus.
1071 2326 1181 2388 ·Cuius
1209 2326 1329 2403 quidem
1352 2327 1519 2387 sententiae
1638 2350 1639 2357 ι

351 2428 424 2488 haec
446 2427 561 2511 Rhiano
582 2429 613 2488 in
636 2435 775 2507 promptu
798 2435 884 2488 erant
905 2434 1090 2505 argumenta.
1121 2427 1252 2488 Primum
1275 2429 1353 2488 enim
1376 2446 1436 2487 non
1451 2428 1520 2488 nul·

351 2529 409 2589 lius
430 2531 572 2591 momenti
595 2537 655 2598 est,
684 2530 763 2609 quod
785 2530 816 2589 in
838 2532 1007 2590 recentiore
1035 2529 1161 2589 dialecto
1185 2529 1284 2590 ionica
1316 2531 1394 2608 apud
1421 2529 1519 2589 liero-

278 2694 282 2698 ,
352 2631 453 2691 dotum
481 2628 557 2694 ὅτεο
588 2649 750 2710 nusquam,
785 2627 864 2692 ὅτου
893 2630 985 2691 semel
1013 2630 1039 2690 ll
1069 2628 1129 2691 173
1158 2638 1321 2710 usurpatur
1341 2665 1385 2676 -
1413 2631 1520 2691 naml
1637 2650 1638 2709 3

353 2728 414 2793 145
436 2742 466 2794 et
488 2733 528 2793 lll
550 2729 591 2793 63
613 2734 644 2793 in
667 2731 847 2794 editionibus
870 2733 1039 2793 novissimis
1065 2743 1234 2793 correctum
1258 2742 1303 2793 est
1324 2733 1354 2792 in
1377 2728 1452 2794 ὅτευ
1464 2767 1519 2803 -,
1637 2746 1638 2783 ὲ

352 2835 460 2895 ceteris
481 2834 554 2895 locis
577 2834 714 2895 omnibus
737 2830 811 2897 ὅτευ
834 2835 980 2895 constanti
1003 2848 1059 2894 usu
1081 2842 1234 2912 receptum
1258 2841 1312 2894 est.
1356 2834 1519 2894 Praeterea

352 2937 431 2998 vocis
465 2933 575 2998 odric
609 2938 762 3014 genetivus
802 2943 848 2997 est
881 2933 992 2998 οὕτως
1038 2932 1060 2996 Ε
1089 2932 1159 2994 192.
1211 2935 1412 2995 indefiniti
1446 2952 1519 2994 vero

351 3039 535 3117 pronominis
550 3034 596 3101 τίε
617 3039 773 3116 genetivus
795 3038 894 3098 decies
916 3038 1027 3115 septies
1051 3043 1096 3096 est
1111 3036 1165 3097 τεῦ
1189 3020 1298 3097 Β388.
1315 3032 1387 3096 390.
1405 3034 1427 3098 Ε
1442 3032 1517 3097 897.
1636 3006 1637 3029 ³

353 3135 473 3201 Ν252.
502 3136 576 3201 559.
604 3136 723 3202 Τ262.
753 3136 878 3201 Ψ331.
908 3133 1024 3212 γ348.
1054 3134 1166 3200 δ264.
1194 3133 1283 3202 168.
1309 3134 1378 3197 192.
1409 3134 1518 3199 ι497.

352 3238 461 3305 ξ510.
486 3261 504 3318 ρ
529 3238 599 3302 115.
627 3237 739 3302 τ109.
770 3260 795 3319 φ
822 3237 894 3300 210.
925 3236 1002 3308 306,
1032 3257 1089 3299 uno
1118 3242 1149 3299 in
1172 3257 1261 3299 versu
1288 3237 1343 3301 τέο
1373 3242 1521 3319 scripturn

351 3343 517 3403 invenimus
538 3362 562 3404 π
577 3338 639 3402 305
661 3340 712 3404 καί
733 3340 768 3405 κέ
789 3360 844 3404 τεο
869 3341 986 3417 δμώων
1009 3338 1138 3417 ἀνδρῶν
1161 3338 1206 3403 ἔτι
1228 3342 1441 3423 πειρηθεῖμεν,
1465 3342 1521 3404 uhi
1635 3378 1636 3401 ι

351 3453 474 3523 propter
496 3451 624 3505 metrum
647 3443 684 3506 de
706 3421 833 3522 genuina
849 3445 994 3521 scriptura
1011 3440 1148 3502 dubitare
1162 3445 1212 3502 vix
1226 3442 1313 3512 licet,
1337 3462 1521 3523 quamquam

352 3565 411 3606 non
433 3546 747 3623 praetermittendum,
771 3546 850 3625 quod
872 3546 904 3604 in
928 3543 1049 3604 scholiis
1070 3542 1221 3620 proditur:
1259 3541 1278 3606 δ
1303 3544 1338 3606 δὲ
1361 3542 1520 3608 Ἀεκαλω·

351 3645 437 3725 νίτηε
469 3644 726 3727 ἑτεοδμώων,
758 3649 824 3709 τῶν
857 3642 988 3719 ἀγαθῶν
1023 3642 1231 3722 θεραπόντων
1265 3644 1284 3722 ἢ
1313 3648 1379 3709 τῶν
1412 3641 1522 3709 ὅντωε
1634 3660 1635 3663 ’

350 3747 513 3826 ἡμετέρων
535 3746 665 3811 δούλων
688 3747 792 3823 (schol.
816 3745 897 3817 HMQ
919 3747 1004 3807 Vind.
1027 3742 1078 3815 56,
1104 3743 1174 3826 133)
1198 3755 1228 3807 et
1249 3745 1442 3825 ἐτεοδμώων
1464 3748 1521 3809 lia·

351 3852 403 3914 het
424 3854 513 3912 etiam
529 3850 655 3931 Hesych.
678 3848 704 3909 ll
719 3846 797 3909 212:
821 3867 897 3928 quae
920 3848 1040 3927 quidem
1063 3851 1235 3909 coniectura
1256 3851 1305 3909 vix
1327 3850 1405 3911 laeta
1428 3858 1520 3920 esset,

351 3955 409 4015 nisi
443 3953 574 4014 insolens
606 3952 737 4030 genetivi
770 3953 865 4011 forma
899 3951 1094 4028 suspitionem
1133 3952 1283 4011 movisset.
1332 3949 1521 4021 Quibuscum

350 4057 489 4117 convenit
523 4074 595 4116 usus
625 4053 780 4122 Herodoti,
815 4052 865 4132 qni
900 4070 958 4112 uno
992 4058 1116 4129 excepto
1148 4051 1214 4111 loco
1246 4048 1322 4114 158
1353 4048 1418 4114 ἀπὸ
1449 4071 1521 4130 εμι-

349 4161 428 4235 κροῦ
450 4175 505 4219 τεο
539 4174 659 4233 semper
692 4155 746 4217 τεῦ
777 4153 929 4233 praetulit.
974 4151 1017 4212 Ex
1049 4153 1096 4213 liis
1127 4152 1219 4214 rebus
1248 4171 1426 4232 quamquam
1454 4172 1521 4215 non

350 4262 444 4322 audeo
473 4258 650 4319 concludere
684 4257 801 4317 Rhiano
829 4254 1095 4335 obtemperandum
1124 4261 1154 4316 et
1175 4253 1268 4319 ὅττεο
1291 4258 1461 4334 genetivum
1487 4265 1523 4317 ut

350 4360 387 4422 ab
415 4361 545 4421 Homero
574 4359 702 4419 alienum
730 4356 988 4419 exterminandum
1017 4374 1097 4426 esse,
1127 4357 1183 4418 hoc
1212 4365 1311 4420 tamen
1340 4375 1522 4421 eoncessum
