3312 5226
657 425 706 519 er

110 639 159 680 suo
180 638 239 680 non
264 618 405 679 defuisse.
451 616 553 695 ltaque
576 612 640 692 ἅμα
668 617 883 675 sententiarum
912 631 1026 674 conexu
1055 630 1114 672 non
1138 620 1197 673 tam
1221 630 1271 672 ne-

110 724 232 781 cessario
263 720 444 797 postulatur,
479 726 512 777 ut
544 717 648 777 abesse
682 735 770 794 posse
800 734 959 793 negemus,
994 718 1019 775 si
1047 721 1173 792 propter
1197 713 1270 774 alias

109 841 209 883 causas
230 824 262 882 iu
285 821 341 882 hae
364 839 436 882 voce
466 821 575 879 mutari
604 818 716 898 aliquid
744 836 866 878 necesse
895 818 942 878 sit.
988 816 1050 876 lloo
1079 823 1177 876 autem
1205 817 1271 875 fieri

17 992 18 1011 χ
108 932 237 1004 oportet,
262 942 331 982 αιιιιι
347 922 440 982 verbo
456 919 662 997 ἀναρριπτεῖν
678 924 743 981 sine
759 920 880 980 obiecto
896 919 1031 978 absolute
1047 921 1145 996 posito
1161 921 1272 978 merito

17 1030 18 1033 ’
109 1026 300 1086 offendamur.
353 1023 426 1084 Nam
456 1022 631 1083 Eustatbius
667 1042 733 1083 cunr
762 1040 791 1099 p.
818 1019 914 1091 1651,
946 1019 984 1081 17
1013 1021 1101 1081 dicit:
1140 1018 1201 1098 δρα
1233 1019 1272 1082 rb

17 1170 19 1201 2
108 1125 282 1204 ἀνέρριψαν
305 1123 443 1188 ἐλλιπῶς
465 1123 593 1201 λεχθέν·
623 1122 768 1200 ἀλλαχοῦ
791 1124 825 1186 δὲ
856 1125 883 1201 (ν
907 1119 956 1202 78)
981 1120 1117 1185 ἐντελῶς
1146 1119 1272 1200 ἐγράφη

17 1208 18 1213 ¹
109 1226 335 1306 «ἀνερρίπτουν
358 1225 421 1290 ἅλα
442 1228 563 1307 πηδῷ»,
585 1227 779 1287 ollensionem
795 1227 959 1303 signifieat,
984 1242 1043 1283 non
1058 1224 1150 1294 tollit,
1174 1242 1271 1304 neque

17 1320 18 1323 ¹
109 1330 276 1392 Nitzscbius
309 1347 407 1408 neque
436 1328 637 1399 Dnentzerus,
672 1331 724 1408 qui
760 1346 796 1387 er
824 1326 966 1387 omnibus
994 1326 1164 1387 editoribus
1192 1344 1271 1386 num

109 1432 184 1492 solus
216 1429 282 1509 ἅμα
310 1434 451 1499 retinuit,
480 1433 622 1510 cuiquam
652 1429 876 1507 persuadebunt
904 1429 981 1489 banc
1010 1429 1128 1507 ellipsin
1162 1428 1271 1489 tolera-

17 1502 18 1557 λ
109 1531 194 1593 bilem
228 1551 310 1599 esse,
345 1535 414 1612 quia
448 1550 531 1593 mare
559 1550 618 1591 non
647 1549 733 1608 posse
756 1550 817 1592 non
842 1531 976 1608 intellegi
998 1531 1189 1591 manifestum
1221 1533 1271 1590 sit.

110 1633 181 1694 lluic
203 1638 286 1695 euim
309 1642 484 1712 argumento
514 1633 627 1713 aliquid
652 1633 747 1694 tribui
770 1641 887 1711 posset,
912 1635 937 1693 si
959 1633 1095 1693 eiusdem
1121 1632 1204 1693 verbi
1229 1636 1272 1693 sic

110 1740 240 1815 usurpati
264 1736 370 1796 crebra
399 1736 488 1796 nobis
517 1735 650 1813 exempla
679 1736 922 1814 suppeditarent,
958 1734 1038 1794 velut
1071 1734 1155 1795 verbi
1184 1753 1271 1796 causa

111 1834 252 1903 ἐλαύνειν
277 1839 558 1917 λιυηιιοιιῑίοτλιαυιιι
579 1845 624 1897 est
646 1856 706 1897 non
729 1838 845 1898 adiecto
876 1834 979 1898 ἵππον
1009 1834 1075 1915 (cir.
1099 1834 1273 1914 llruegerus

111 1956 149 2014 gr.
179 1958 222 2017 gr.
247 1939 259 1999 l
289 1934 390 2018 552,
413 1936 449 2010 2,
475 1937 519 2017 1):
549 1958 628 1999 nunc
657 1958 725 2000 cum
752 1942 812 1999 tria
841 1938 918 2015 apud
948 1938 1110 1999 llomerum
1138 1940 1272 2017 exempla

111 2043 178 2110 sint,
202 2040 322 2102 duobus
345 2049 442 2102 auteur
472 2044 504 2101 in
526 2040 662 2102 versibus
684 2062 703 2119 η
726 2037 789 2103 328
818 2049 847 2101 et
869 2059 888 2103 ν
912 2035 952 2100 78
980 2039 1067 2118 plene
1096 2041 1210 2101 dictum
1234 2045 1273 2102 sit

111 2137 313 2220 ἀναρριπτεῖν
336 2140 398 2204 ἅλα
419 2145 529 2224 πηδῷ,
557 2161 617 2203 non
639 2152 722 2203 recte
749 2143 868 2203 videtur
896 2142 1027 2203 insolens
1049 2144 1122 2203 baec
1146 2152 1175 2203 et
1199 2144 1273 2205 derra

112 2240 218 2323 ellipsis
241 2263 302 2305 uuo
324 2245 389 2305 loco
412 2246 532 2322 agnosci
553 2264 652 2325 posse.
691 2245 815 2306 Scilicet
837 2244 941 2305 eadem
956 2247 1072 2305 ratione
1088 2245 1189 2306 dicere
1204 2246 1275 2306 licet

112 2347 195 2408 etiarn
217 2345 366 2420 τύπτειν,
389 2346 467 2425 quod
492 2365 610 2425 semper
632 2346 783 2406 obiectum
799 2349 919 2406 asciscit
935 2343 1008 2424 (ἅλα
1029 2343 1159 2409 τύπτειν
1188 2346 1273 2423 έρετ-

111 2447 199 2529 μοῐς),
223 2448 360 2509 absolute
384 2450 525 2527 usurpari
547 2466 649 2526 posse,
673 2446 726 2507 ubi
749 2465 831 2507 mare
847 2447 974 2525 eogitari
996 2466 1032 2507 ex
1055 2451 1274 2508 sententiarum

112 2566 184 2610 oexu
206 2557 239 2610 et
261 2549 387 2611 consilio
410 2550 539 2619 eluceat,
563 2569 597 2610 ao
620 2549 672 2610 tali
696 2548 783 2609 modo
805 2551 854 2609 vix
877 2548 1071 2618 haberemus,
1102 2567 1177 2629 quos
1199 2551 1274 2611 fines

112 2666 142 2709 ao
172 2653 318 2711 terminos
351 2651 464 2730 ellipsis
497 2653 567 2713 usui
607 2654 868 2713 constitueremus.
919 2650 1017 2720 Quare
1054 2651 1147 2712 mirltu
1183 2655 1276 2714 satius

108 2749 197 2822 duco,
221 2770 290 2813 curn
314 2752 454 2813 omnibus
475 2754 539 2814 lere
563 2752 732 2814 editoribus
755 2752 970 2814 recentissimis
991 2760 1020 2812 et
1042 2772 1109 2814 cum
1133 2754 1273 2835 llaysero,

112 2855 158 2930 qui
179 2853 286 2915 Pbilol.
309 2852 401 2914 XVlll
426 2873 455 2934 p.
485 2851 548 2916 665
581 2855 617 2915 de
645 2856 702 2915 boc
723 2872 813 2914 versu
835 2854 920 2914 docte
955 2853 1132 2932 disputavit,
1165 2856 1272 2916 libiani

113 2957 350 3016 emendationem
376 2955 520 3033 probare,
549 2977 638 3037 quam
665 2955 729 3034 ἅμα
758 2958 868 3017 θύοιτο
896 2956 1078 3024 delendere,
1108 2956 1187 3036 quod
1216 2977 1275 3018 non

113 3058 217 3118 mirum
243 3068 288 3118 est
311 3059 369 3117 iam
393 3050 610 3136 antiquissimis
631 3058 819 3138 temporibus
841 3077 878 3118 ea
899 3054 961 3119 ἅλα
983 3065 1085 3118 natum
1108 3077 1184 3127 esse,
1208 3077 1275 3119 eum

113 3153 272 3220 llduobus
293 3157 319 3222 Α
340 3160 557 3223 circumdatum
579 3162 666 3223 facile
688 3160 806 3221 oculum
834 3160 973 3238 decipere
1002 3169 1032 3220 et
1059 3178 1126 3220 cum
1151 3159 1182 3223 Μ
1206 3180 1275 3221 con-

113 3256 192 3321 lundi
215 3263 356 3337 potuerit.

192 3381 211 3424 κ
236 3358 306 3423 188.
352 3362 385 3422 ln
407 3363 535 3424 insulam
557 3366 662 3427 Circes
684 3383 752 3426 oum
775 3366 978 3435 advenissent,
1002 3365 1101 3425 Vlixes
1125 3367 1329 3433 sociorum40

114 3466 247 3524 contione
272 3464 412 3524 advocata
435 3464 507 3544 quid
531 3467 676 3545 optimum
699 3469 780 3528 lactu
802 3476 881 3529 esset
905 3466 1079 3527 declaravit:
1181 3486 1187 3515 ³

155 3563 216 3626 l8b
237 3562 317 3643 ἦμος
341 3563 375 3626 δ’
396 3562 504 3640 ἠέλιος
525 3566 640 3630 κατέδυ
664 3568 715 3630 καὶ
737 3567 790 3631 ἐπὶ
811 3567 934 3647 κνέφας
955 3566 1069 3649 ἦλθεν,

239 3667 278 3743 δὴ
300 3665 373 3730 τότε
395 3666 587 3745 κοιμήθημεν
610 3667 663 3731 ἐπὶ
686 3668 812 3748 ῥηγμῖνι
833 3668 996 3746 θαλάςςης.

238 3766 318 3845 ἦμος
340 3766 375 3831 δ’
400 3767 561 3845 ἠριγένεια
583 3768 671 3849 φάνη
694 3768 933 3849 ῥοδοδάκτυλος
955 3770 1054 3852 Ἠώς,

238 3869 300 3933 καὶ
321 3868 392 3933 τότ’
414 3869 500 3945 ἐγὼν
522 3870 646 3948 ἀγορὴν
669 3872 803 3950 θέμενος
826 3873 904 3950 μετὰ
926 3875 1043 3935 πᾶςιν
1066 3871 1186 3935 ἔειπον.

21 4042 23 4065 ,
116 3970 210 4033 Sebol.
233 3969 358 4034 Ῥιανὸς
381 3973 427 4049 δὴ
450 3971 521 4036 τότ’
548 3972 633 4048 ἐγὼν
656 3971 780 4051 ἀγορὴν
803 3974 936 4054 θέμενος
964 3973 1042 4051 μετὰ
1073 3976 1196 4050 μῦθον
1220 3972 1277 4035 ἔει-

116 4091 185 4137 πον.
215 4073 251 4134 Η.
289 4075 363 4135 Cum
396 4094 406 4136 ι
431 4071 492 4136 168
515 4094 579 4155 sqq.
612 4076 702 4137 iidem
736 4096 841 4139 versus
868 4078 973 4138 eodem
1005 4076 1109 4136 ordine
1131 4076 1276 4152 legantur,

117 4172 247 4237 libianns
270 4176 334 4236 sine
357 4177 449 4237 dubio
471 4177 541 4238 huic
565 4196 682 4257 qnoque
705 4182 806 4240 versui
829 4179 954 4240 eandem
977 4180 1171 4238 mutationem
1196 4178 1279 4239 adbi-

21 4316 22 4323 ι
117 4272 215 4337 buisse
243 4277 392 4354 putandus
422 4286 483 4358 cst,
513 4299 580 4341 nam
603 4281 634 4341 bi
657 4279 714 4340 loci
743 4284 866 4341 nonita
894 4283 974 4341 inter
1003 4299 1035 4340 so
1063 4279 1220 4349 differunt,
1249 4292 1281 4342 ut

21 4374 23 4449 l
117 4379 193 4455 quod
215 4378 263 4438 bic
285 4388 352 4456 apte
367 4382 498 4456 positum
513 4399 578 4442 esse
601 4382 750 4452 videatur,
775 4384 836 4443 illic
851 4382 926 4443 male
950 4390 980 4442 et
996 4400 1152 4463 perperam
1169 4382 1280 4446 dictum

1114 4486 1129 4533 6
