3312 5226
933 416 973 479 10

367 609 559 688 peregrinam
581 613 691 667 terram
715 605 860 667 abductus
886 610 1069 689 mancipium
1092 611 1227 670 veniret?
1263 609 1456 670 Immo·vero
1478 611 1535 671 hoc

367 712 408 770 ita
430 711 524 771 luisse
547 717 628 770 certa
652 710 878 787 argumentandi
906 712 1019 772 ratione
1047 730 1142 790 paene
1175 712 1211 772 ad
1234 711 1380 791 liquidum
1408 713 1535 793 perduci

366 818 473 893 potest.
512 811 595 872 Servi
620 813 701 891 enim
723 811 910 873 Cretensium
938 820 989 874 aut
1016 811 1214 890 xpucdrvqror
1243 815 1264 873 i.
1288 832 1315 874 e.
1344 815 1464 875 venales
1485 823 1536 874 aut

367 911 550 993 ἀφαμιῶται
573 915 633 974 sive
656 912 817 990 rlcpdrrcu
844 921 895 975 aut
917 915 1049 992 μνωῖται
1072 921 1168 976 eraut.
1213 914 1275 975 lam
1297 934 1368 975 vero
1390 934 1458 976 cum
1480 934 1536 976 ve·

368 1015 471 1076 nates
494 1016 531 1077 ab
553 999 734 1077 hominibus
747 1017 874 1094 privatis
896 1017 1023 1095 pecunia
1039 1020 1130 1096 empti
1154 1024 1183 1077 et
1205 1016 1283 1077 haud
1299 1016 1391 1077 dubie
1407 1034 1535 1096 peregre

367 1100 482 1178 advecti
515 1120 546 1178 in
579 1117 706 1177 urbibus
738 1116 899 1178 domestica
932 1119 1029 1178 officia
1070 1125 1099 1179 et
1129 1136 1254 1178 munera
1288 1125 1536 1204 exsequerentur,

368 1219 602 1298 aphamiotae
625 1225 740 1290 autem,
764 1220 815 1298 qui
837 1226 866 1279 et
888 1221 1001 1300 ipsiin
1017 1222 1202 1299 privatorum
1218 1219 1372 1280 homiuum
1388 1227 1535 1299 potestate

367 1328 466 1395 erant,
495 1323 639 1386 rusticam
662 1322 753 1381 vitam
776 1320 921 1398 degerent
948 1328 978 1382 et
1000 1323 1126 1401 privatis
1153 1322 1232 1399 agris
1259 1320 1392 1381 colendis
1414 1340 1536 1401 operam

367 1422 488 1492 darent,
522 1422 559 1483 ab
594 1422 641 1482 his
675 1422 791 1483 duobus
826 1440 980 1484 servorum
1017 1423 1179 1501 generibus
1207 1419 1373 1503 palaestrae
1401 1423 1536 1484 custodia

368 1524 550 1585 alienissima
568 1532 646 1594 erat,
669 1530 702 1584 ut
723 1525 762 1584 iis
777 1522 912 1585 Rhianus
928 1527 1075 1604 ascriptus
1091 1543 1157 1585 esse
1179 1543 1239 1584 nou
1261 1526 1402 1605 potuerit.
1425 1525 1536 1586 Contra

367 1626 548 1707 μνωῑται,
571 1629 672 1688 servi
694 1626 858 1706 publici,
882 1645 1060 1706 quamquam
1077 1628 1205 1687 maxima
1221 1644 1257 1686 ex
1272 1633 1357 1705 parte
1374 1628 1438 1687 ruri
1455 1629 1536 1687 circa

367 1728 459 1789 urbes
481 1728 655 1790 habitabant
682 1736 712 1789 et
740 1727 868 1806 publicis
896 1731 976 1806 agris
1005 1729 1139 1789 colendis
1166 1730 1276 1789 intenti
1303 1728 1462 1808 pensiones
1490 1731 1535 1789 rei

367 1829 504 1909 publicae
536 1828 744 1909 persolvebant
778 1828 844 1904 (cir.
879 1830 1103 1891 Schoemannus
1133 1830 1153 1890 Ι.
1176 1830 1195 1890 Ι.
1224 1848 1254 1908 p.
1279 1825 1367 1909 152),
1400 1830 1537 1891 videntur

367 1940 481 2001 tameo,
516 1941 549 1991 ut
571 1930 720 1992 Hoechius
743 1931 848 1994 Cretae
870 1932 911 1993 ΙΙΙ
932 1953 963 2013 p.
986 1929 1028 1993 33
1058 1934 1200 2002 coniecit,
1230 1933 1320 1993 etiam
1348 1933 1380 1991 iu
1410 1930 1537 1992 urbibus

368 2033 519 2093 interdum
542 2032 700 2094 humiliora
730 2034 875 2114 quaedam
903 2042 932 2094 et
960 2034 1078 2095 sordida
1111 2035 1279 2095 ministeria
1307 2034 1432 2103 iecisse,
1460 2052 1535 2113 quae

369 2134 404 2195 ad
427 2152 614 2195 communem
642 2137 687 2195 rei
717 2134 855 2215 publicae
885 2153 970 2195 usum
998 2137 1167 2196 necessaria
1190 2141 1299 2195 essent.
1344 2134 1446 2214 ltaque
1468 2153 1537 2195 cum

368 2254 493 2316 prorsus
514 2236 692 2297 incredibile
708 2255 767 2297 non
791 2238 843 2306 sit,
867 2238 988 2297 mnoitis
1005 2236 1142 2296 traditam
1165 2237 1258 2297 luisse
1275 2235 1439 2297 custodiam
1456 2235 1536 2297 illius

368 2338 512 2407 aedificii,
536 2340 568 2398 iu
591 2357 649 2417 quo
672 2340 794 2399 iuvenes
816 2337 936 2418 publice
959 2338 1099 2398 luctando
1122 2339 1258 2399 exerceri
1281 2337 1420 2408 solerent,
1444 2336 1536 2398 Rhia-

368 2458 440 2500 uum
462 2442 494 2500 in
517 2440 604 2501 Creta
628 2442 784 2500 servivisse
812 2438 986 2518 putantibus
1015 2438 1090 2499 nihil
1120 2438 1200 2500 aliud
1229 2437 1316 2499 nobis
1343 2438 1535 2518 relinquitur,

369 2560 457 2623 quam
480 2549 513 2602 ut
535 2561 571 2602 ex
586 2543 765 2603 runoitarum
781 2559 892 2620 genere
915 2559 982 2602 eum
998 2542 1089 2602 luisse
1106 2541 1300 2602 arbitremur.
1315 2524 1385 2601 'Cui
1401 2543 1535 2620 opinioni

368 2642 399 2704 id
423 2646 550 2704 maxime
573 2643 686 2714 obstat,
709 2643 787 2723 quod
811 2645 934 2721 cogitari
951 2645 1069 2723 nequit,
1094 2645 1145 2722 qui
1168 2643 1233 2703 fieri
1256 2644 1402 2721 potuerit,
1427 2650 1459 2702 ut
1482 2661 1536 2702 un-

369 2762 457 2825 quam
491 2745 542 2804 ille
575 2763 609 2804 ex
639 2743 694 2804 hac
722 2745 824 2805 servili
854 2730 1030 2805 condicione
1064 2746 1096 2805 in
1124 2743 1294 2805 libertatem
1323 2744 1535 2806 vindicaretur.

369 2846 431 2906 lloc
454 2847 533 2907 enim
557 2846 665 2907 Suidas
686 2846 801 2927 liquido
822 2853 962 2917 testatur,
993 2865 1060 2907 cum
1089 2847 1177 2907 dicit:
1216 2843 1384 2923 ὕετερον
1406 2845 1442 2908 δὲ
1464 2864 1535 2908 παι-

368 2947 491 3012 δευθεὶς
520 2947 649 3024 ἐγένετο
671 2947 884 3028 γραμματικός
912 2952 933 3010 i.
963 2968 989 3010 e.
1013 2949 1162 3010 Rhianum
1192 2933 1385 3028 postquam
1415 2948 1536 3007 servitio

369 3052 527 3113 defunctus
549 3060 643 3122 esset,
671 3051 781 3113 litteris
803 3070 834 3112 se
858 3052 976 3112 dedisse
1005 3058 1035 3111 et
1059 3059 1151 3111 artem
1174 3051 1397 3128 grammaticam
1421 3050 1535 3129 proles-

369 3173 434 3215 sum
458 3173 533 3215 esse.
577 3154 675 3225 Quare
699 3152 776 3214 nihil
799 3153 872 3214 mihi
894 3153 1081 3233 probabilius
1104 3153 1236 3221 videtur,
1260 3171 1348 3232 quam
1370 3151 1453 3212 illum
1477 3171 1535 3212 non

368 3259 400 3317 in
423 3257 525 3327 Creta,
549 3256 602 3317 sed
625 3256 682 3315 alia
705 3257 736 3315 in
760 3262 840 3315 terra
863 3273 982 3315 servum
1004 3255 1107 3315 luisse.

453 3358 533 3419 Haec
566 3358 688 3438 quidem
721 3364 790 3418 sunt
823 3358 935 3425 omnia,
970 3375 1045 3436 quae
1074 3375 1089 3417 a
1119 3356 1319 3437 scriptoribus
1346 3357 1477 3435 antiquis
1499 3356 1535 3417 de

368 3461 477 3520 Rhiani
499 3461 558 3520 vita
587 3466 819 3520 commemorata
847 3460 1028 3530 invenimus;
1066 3459 1142 3520 ultra
1170 3476 1245 3539 quae
1274 3477 1328 3519 nos
1355 3458 1431 3518 certi
1460 3455 1535 3518 nihil

369 3563 447 3623 scire
471 3569 573 3641 apr-rte
596 3561 797 3623 confitendum
819 3568 873 3622 est.
913 3559 1113 3641 Quaecunque
1136 3561 1192 3622 alia
1215 3558 1322 3620 dehac
1344 3577 1377 3619 re
1401 3566 1534 3620 statuun-

369 3672 433 3733 tur,
457 3662 598 3724 historiae
622 3663 679 3725 fide
703 3662 897 3743 comprobata
921 3682 979 3723 uon
995 3671 1079 3733 sunt,
1103 3664 1153 3724 sed
1170 3661 1359 3742 quantumvis
1374 3662 1534 3730 arrideant,

369 3773 468 3826 tamen
491 3784 558 3826 cum
581 3766 740 3827 divinando
761 3767 880 3827 iuventa
902 3767 976 3834 sint,
1000 3783 1055 3844 pro
1075 3766 1237 3845 exploratis
1251 3763 1357 3824 haberi
1372 3770 1534 3843 nequeunt.

369 3868 455 3928 Cadit
477 3867 532 3928 hoc
554 3849 586 3928 in
609 3868 749 3928 nonnulla
772 3886 891 3937 eorum,
915 3886 991 3947 quae
1013 3865 1229 3928 Meinehius
1252 3865 1335 3926 Aual.
1359 3866 1403 3926 hl.
1426 3884 1456 3945 p.
1475 3861 1536 3926 174

369 3969 406 4029 de
430 3971 488 4030 vita
511 3967 593 4030 illius
615 3970 786 4049 disputavit.

453 4070 505 4130 Vir
527 4072 608 4131 enim
631 4071 891 4148 ingeniosissimus
919 4090 954 4131 ex
983 4069 1091 4130 Suidae
1120 4069 1220 4131 verbis
1248 4068 1427 4147 εύγχρονοε
1448 4065 1534 4144 Ἐρα-

368 4171 541 4237 τοεθένου(
563 4175 763 4234 coniecturam
787 4175 882 4253 cepit,
911 4173 1058 4232 Rhianum
1083 4188 1148 4230 cum
1178 4171 1287 4232 illustri
1310 4171 1366 4231 hoc
1388 4188 1533 4249 gramma·

369 4276 429 4334 tico
452 4274 674 4336 consuetudinis
697 4278 915 4355 amicitiaeque·
928 4272 1046 4334 viuculo
1068 4273 1162 4333 luisse
1183 4272 1534 4334 consociatum.‚Etenim

371 4377 417 4436 vix
451 4376 543 4435 licere
575 4378 617 4437 ait
645 4376 769 4438 credere
797 4377 919 4438 Suidam
948 4378 990 4436 ita
1023 4374 1104 4435 illius
1139 4381 1264 4438 aetatem
1298 4375 1534 4452 significaturum
