3312 5226
856 388 897 452 92

380 579 423 641 Ex
446 578 494 639 bis
517 586 640 658 apparet
663 578 812 640 Rhianum
829 580 910 641 illius
925 586 1108 641 sectatorum
1132 582 1162 640 in
1178 596 1336 640 numerum
1352 581 1463 642 ascribi

295 701 353 743 333
376 699 480 758 posse;
503 699 600 760 neque
623 682 745 741 omuino
767 683 956 759 grammatici
983 699 1109 742 munere
1132 682 1173 743 ita
1196 682 1398 752 1333133331,
1430 690 1463 743 31

295 785 389 843 331331
411 782 621 860 Alexandrini,
651 784 703 862 qui
731 783 876 859 glossaria
899 784 1060 845 Homerica
1082 793 1331 861 composuerunt,
1360 782 1464 847 iliadis

295 890 325 944 et
347 883 497 963 Odysseae
528 885 647 945 dierum
669 887 925 963 computationem
953 887 1167 956 instituerunt,
1197 885 1234 946 de
1256 885 1380 947 Homeri
1402 889 1464 949 vita

295 993 325 1046 et
347 988 460 1063 patria,
484 986 521 1046 de
544 986 727 1066 geographia
749 989 815 1048 eius
842 996 872 1048 et
894 987 1053 1066 multiplici
1076 988 1202 1048 scientia
1224 986 1463 1066 disputaverunt,

295 1087 332 1148 de
360 1096 444 1149 recta
473 1092 641 1150 carminum
675 1091 924 1169 interpretatione
952 1087 1164 1166 ὑπομνήματα
1186 1098 1217 1149 31
1239 1087 1464 1168 (υγγράμματα

295 1187 470 1261 ediderunt,
493 1184 623 1270 denique
647 1189 973 1263 3313133131333331,
1004 1190 1115 1272 quibus
1137 1190 1291 1252 doctrinae
1315 1192 1463 1252 rationem

296 1299 326 1350 et
349 1300 511 1371 praecepta
534 1291 691 1371 discipulis
713 1293 878 1354 traderent.
915 1293 975 1354 Sed
997 1293 1131 1355 Hhiauus
1153 1295 1367 1370 grammaticae
1389 1296 1465 1355 artis

296 1412 363 1455 eam
385 1393 595 1456 tantummode
617 1403 733 1473 partem
756 1398 906 1466 exercuit,
930 1413 1007 1476 quae
1028 1397 1059 1456 in
1076 1396 1185 1456 critico
1201 1396 1300 1455 cilicio
1316 1403 1463 1475 versatur,

296 1516 373 1578 quae
402 1499 433 1557 iu
448 1497 563 1558 ,studia
592 1506 626 1558 ut
654 1496 858 1567 incumberet,
889 1517 925 1557 33
951 1499 1142 1576 potissimum
1172 1496 1290 1557 ridetur
1318 1497 1465 1558 adductus

297 1618 378 1669 esse,
402 1598 481 1678 quod
505 1617 627 1678 operam
651 1598 756 1668 dabat,
784 1606 817 1660 ut
841 1601 904 1678 ipse
927 1598 1050 1660 Homeri
1074 1601 1183 1660 summi
1205 1606 1312 1676 poetae
1335 1599 1464 1678 dignita·

296 1709 358 1761 tem
381 1708 411 1762 et
432 1703 650 1778 praestantiam
672 1708 755 1762 recte
783 1704 957 1762 aestimaret
985 1710 1016 1761 ct
1044 1703 1181 1780 poeticae
1210 1700 1389 1763 elocutionis
1411 1720 1463 1763 na·

297 1811 397 1863 turam
420 1809 450 1863 et
471 1801 554 1880 leges
578 1804 698 1882 penitus
721 1805 917 1882 perspiceret.
961 1802 999 1863 Et
1021 1822 1091 1864 cum
1113 1803 1329 1880 Aristophanes
1350 1811 1380 1864 et
1395 1804 1462 1865 Ari·

297 1904 436 1967 starehus
458 1922 528 1964 suas
549 1903 673 1965 Homeri
695 1905 844 1966 editiones
866 1905 998 1966 ‘scholae
1027 1914 1116 1986 atquc
1144 1913 1227 1965 extra
1256 1904 1388 1966 scholam
1411 1924 1464 1966 ne-

296 2009 382 2069 mini'
412 2013 551 2087 pararent
579 2003 615 2084 (v.
644 2006 803 2067 Lebrsinm
831 2009 921 2067 Arist.
950 2023 980 2084 p.
1004 2004 1093 2083 361),
1123 1988 1257 2067 Rhianus
1284 2009 1385 2084 potius
1413 2009 1476 2091 ‘in-

297 2109 516 2187 elegantiorum
538 2107 693 2168 bominum
718 2110 817 2168 usum’
846 2107 1006 2169 Homerica
1034 2110 1168 2169 carmina
1196 2110 1385 2169 recensuisse
1407 2120 1464 2186 pu·

296 2211 405 2272 tandus
421 2219 477 2271 est.
506 2208 626 2270 Etenim
642 2211 673 2270 in
697 2211 803 2271 critico
825 2211 946 2287 negotio
969 2209 1155 2272 conficiendo
1177 2218 1323 2288 poetam
1346 2213 1465 2288 magis

297 2331 401 2392 quam
434 2313 723 2390 grammaticum
751 2330 783 2372 33
803 2313 975 2392 praestitit,
1000 2320 1029 2372 31
1051 2312 1186 2392 quamvis
1213 2312 1293 2373 baud
1315 2331 1375 2373 uno
1397 2312 1465 2374 loeo

297 2416 439 2474 eximiam
467 2414 580 2490 ingenii
610 2415 706 2474 aciem
723 2423 754 2475 31
769 2413 910 2475 subtilem
937 2414 1084 2493 quandam
1100 2413 1268 2477 doctrinam
1288 2414 1465 2502 comproba-

298 2519 389 2586 verit,
413 2516 508 2592 magis
530 2522 632 2575 tamen
655 2512 1071 2594 3133131131131333311333,
1097 2517 1226 2576 vividum
1255 2517 1373 2596 pulchri
1396 2536 1464 2578 sen-

297 2638 373 2688 sum,
391 2618 521 2699 denique
538 2635 588 2676 eas
602 2619 730 2678 virtutes
745 2621 944 2695 agnoscimus,
957 2636 1033 2698 quae
1048 2627 1167 2695 poetam
1179 2638 1268 2698 quam
1280 2636 1353 2698 quae
1366 2636 1465 2696 gram·
1571 2652 1578 2671 ι

301 2723 446 2782 malicum
473 2720 596 2780 iaciant.
642 2719 738 2799 Atque
767 2728 800 2780 ut
829 2722 925 2799 ipsius
955 2722 1089 2781 carmina
1118 2721 1293 2781 emendatae
1323 2721 1466 2782 dictionis

300 2820 386 2882 laude
409 2829 439 2881 31
468 2823 567 2882 nativa
597 2820 724 2900 quadam
753 2830 783 2881 et
806 2822 929 2884 amabili
951 2821 1141 2900 simplicitate
1170 2822 1333 2892 excellunt,
1366 2826 1465 2883 sicin

297 2925 422 2985 Homeri
444 2941 563 3003 quoque
586 2923 774 2984 carminibus
797 2923 991 2985 recensendis
1018 2926 1147 2985 maxime
1175 2926 1322 2985 orationis
1348 2924 1464 3003 simpli·

297 3029 437 3094 citatem,
460 3027 724 3103 perspicuitatem,
747 3033 933 3087 venustatem
956 3029 997 3087 ita
1013 3025 1144 3086 sedtatus
1160 3036 1219 3096 est,
1243 3034 1277 3087 ut
1300 3025 1465 3105 simplicis-

297 3133 403 3190 simam
427 3146 576 3209 quamquc
592 3135 777 3189 structuram
799 3130 912 3188 ceteris
927 3136 1137 3207 anteponeret,
1161 3146 1210 3188 res
1225 3135 1360 3190 narratas
1375 3146 1464 3208 quam

297 3232 526 3293 accuratissime
557 3236 587 3289 et
610 3228 776 3290 clarissime
798 3228 900 3289 verbis
922 3232 1049 3308 exprimi
1072 3247 1128 3291 nec
1155 3231 1315 3310 quicquam
1343 3232 1374 3291 in
1397 3248 1464 3291 ora·

296 3336 379 3393 tione
401 3335 501 3393 inesse
524 3330 625 3399 vellet,
655 3330 734 3410 quod
758 3338 809 3391 aut
836 3330 918 3409 leges
944 3333 1154 3408 grammaticas
1181 3350 1305 3392 usumve
1327 3332 1464 3393 Homeri-

296 3455 367 3496 cum
391 3434 515 3495 violaret
538 3441 590 3494 aut
613 3431 734 3494 obscuri
758 3433 828 3513 quid
852 3441 883 3494 31
906 3432 1040 3511 ambigui
1067 3432 1193 3495 haberet
1215 3441 1266 3495 aut
1287 3434 1464 3495 insolentiae

296 3543 327 3595 31
349 3534 511 3595 meditatae
542 3536 697 3596 doctrinae
721 3538 854 3613 speciem
882 3553 953 3613 prae
981 3553 1013 3595 33
1043 3535 1148 3596 ferret.
1192 3535 1279 3595 Velut
1306 3532 1462 3614 14616).

297 3635 326 3700 Υ
350 3632 411 3697 188
434 3631 484 3715 19).
507 3638 526 3699 δ
550 3633 589 3697 12
613 3633 684 3717 (14).
707 3638 724 3701 ζ
748 3632 788 3697 10
810 3633 883 3715 (33).
906 3639 922 3702 ξ
943 3632 1007 3697 343
1024 3632 1084 3716 (42)
1108 3637 1272 3699 verborum
1294 3645 1464 3699 structurae

297 3825 497 3835 -.-—-——-

181 3930 186 3937 ’
270 3937 274 3943 ’
296 3959 324 4009 p.
343 3944 390 4004 17,
410 3954 472 3991 333
490 3936 578 3992 dicat:
598 3937 728 3991 ‘Videtur
744 3935 848 3992 Rhiani
866 3953 953 4008 opera
969 3937 1062 4006 posita
1079 3935 1164 3991 131333
1181 3936 1325 3991 maxime
1342 3937 1372 3990 in
1388 3954 1463 3992 rese·

296 4022 391 4078 caudis
409 4021 536 4077 versibus
553 4021 600 4086 113,
619 4021 668 4090 qui
684 4021 883 4091 supervacanei
902 4021 1050 4090 (περιττοί)
1068 4021 1229 4077 viderentur
1248 4030 1328 4077 esse’
1364 4021 1464 4077 Eidem

294 4122 361 4162 vero
379 4105 531 4162 affirmanti
548 4105 650 4161 Rhiani
667 4106 807 4161 atheteses
819 4105 1017 4161 audacissimus
1036 4105 1161 4174 quidem,
1179 4106 1229 4160 sed
1241 4105 1463 4175 elegantissimas

295 4208 353 4246 esse
372 4191 487 4247 meliore
506 4192 566 4246 iure
578 4190 706 4247 assentiri
723 4191 796 4246 11331.
832 4190 962 4246 Ceterum
985 4190 1193 4259 Sengebuschio
1211 4190 1268 4245 iam
1284 4190 1326 4246 La
1342 4189 1464 4246 Rocbius

294 4276 312 4329 1.
331 4275 348 4329 l.
367 4294 395 4345 p.
413 4282 448 4329 44
466 4276 611 4332 oblocutus
633 4277 687 4342 est,
714 4292 885 4345 quamquam
910 4276 935 4329 is
961 4275 1074 4343 quidem
1098 4275 1167 4331 duas
1188 4276 1298 4331 133133
1321 4274 1464 4332 3111313333

295 4360 539 4428 commemoravit,
557 4359 672 4415 tertiam
689 4378 707 4415 α
726 4367 775 4415 111)
795 4363 832 4429 (3)
852 4359 952 4415 omisit.
