3312 5226
615 422 766 521 Ab.

110 615 266 675 ueletiam
290 611 385 694 ἄναξ,
414 615 507 677 multo
530 612 590 675 illis
611 615 731 695 quidem
755 613 943 692 gravioribus
965 621 995 674 et
1023 608 1272 685 sollemnioribus,

109 718 151 776 uti
166 716 250 777 solet.
274 716 372 786 Quare
388 706 511 777 minime
528 720 675 778 assentior
687 716 867 777 Doederlino
883 716 995 776 dicenti
1011 715 1108 776 deleto
1121 713 1274 793 εὐηγενή(

1 827 2 840 ’
108 817 201 878 deleri
223 819 377 878 notionem
400 818 530 879 Homero
553 819 597 879 vel
620 822 747 880 maxime
770 821 940 898 propriam,
954 823 998 877 *et
1020 820 1046 877 si
1069 818 1140 897 quid
1164 821 1195 879 in
1218 819 1273 879 bac

1 939 2 966 1
108 936 139 980 re
163 919 331 980 mirandum
355 926 418 990 est,
442 921 514 981 illud
537 922 638 998 potius
665 929 726 997 est,
749 921 827 999 quod
853 920 1061 980 Doederlinum
1084 920 1141 980 boc
1162 922 1249 998 lugit.

206 1020 264 1081 Sed
304 1027 422 1098 praeter
462 1021 541 1082 bunc
576 1040 673 1100 nuper
713 1025 802 1083 etiam
836 1021 1004 1081 Richardus
1040 1019 1281 1099 Roedigerus

106 1139 179 1182 nova
203 1124 320 1182 ratione
344 1122 544 1202 inexplicabili
566 1123 637 1183 lruie
660 1130 689 1183 et
712 1123 836 1183 multum
860 1130 988 1183 tentatae
1017 1123 1110 1183 vocali
1133 1142 1152 1198 η
1175 1123 1272 1183 lucem

1 1281 2 1284 ,
106 1224 290 1303 salutemque
325 1223 433 1285 afferre
461 1224 589 1294 studuit,
622 1227 673 1304 qui
707 1227 956 1286 commentatione
984 1222 1104 1301 Lipsiae
1134 1242 1160 1284 a.
1191 1221 1272 1284 1866

1 1325 2 1378 Ϊ
105 1326 186 1386 edita
209 1326 381 1386 doctissime
404 1327 563 1403 disputarit
591 1327 640 1386 ‘de
663 1327 798 1403 priorum
821 1325 1024 1386 membrorum
1046 1327 1077 1386 in
1100 1325 1273 1386 nominibus

104 1428 223 1504 graecis
251 1430 425 1504 compositis
446 1428 684 1488 conformatione
707 1427 810 1487 finali’.
847 1425 875 1486 ls
897 1425 1019 1505 quidem
1041 1443 1068 1503 p.
1090 1422 1132 1487 25
1154 1445 1217 1507 sqq.
1240 1429 1271 1487 in

105 1527 200 1588 vocali
227 1546 247 1605 η
282 1530 312 1588 in
341 1530 536 1590 commissura
571 1531 806 1609 compositorum
834 1529 929 1606 posita
957 1527 1102 1606 reliquias
1129 1530 1271 1608 quasdam

104 1631 197 1690 latere
220 1636 305 1706 putat
327 1631 444 1706 priscae
466 1632 701 1708 praepositionis
728 1632 758 1690 in
788 1648 896 1707 graeco
919 1647 1055 1690 sermone
1077 1630 1195 1706 pridem
1218 1630 1271 1690 ob-

102 1729 267 1800 litteratae,
292 1749 367 1810 quae
390 1733 498 1792 sinon
521 1732 640 1801 eadem,
673 1739 703 1792 at
725 1740 848 1810 cognata
871 1731 909 1791 sit
930 1732 1122 1791 sanseriticae
1144 1749 1270 1809 praepo·

103 1834 206 1894 siticni
230 1834 266 1900 d,
291 1832 326 1892 ad
350 1851 438 1912 quam
461 1835 740 1912 interpretationem
763 1835 862 1895 omnia
880 1833 1036 1894 eiusmodi
1054 1835 1173 1892 nomina
1190 1852 1269 1893 com-

102 1935 199 2021 poqita
224 1941 356 2003 revocat,
386 1936 448 1994 sive
470 1936 571 2014 priora
594 1934 727 1996 membra
755 1934 980 1995 indeclinabilia
1003 1940 1073 1994 sunt
1094 1936 1156 1994 sive
1179 1935 1271 1995 decli-

102 2035 225 2096 nabilia.
256 2035 352 2114 Atque
368 2053 436 2096 cum
447 2054 482 2096 ea
497 2039 680 2116 praepositio
696 2039 754 2097 rim
768 2043 798 2097 et
812 2043 988 2116 potestatem
1003 2035 1112 2096 babeat
1126 2036 1270 2097 latissime

1 2127 2 2134 ἵ
47 2192 57 2211 „
100 2144 254 2217 patentem
278 2133 315 2215 (r.
339 2156 368 2215 p.
391 2133 460 2216 29),
484 2139 550 2199 lieri
573 2157 644 2200 sane
667 2157 726 2199 non
748 2145 863 2219 potest,
892 2140 965 2217 quin
988 2136 1128 2197 nonnulla
1151 2142 1271 2199 nomina

1 2279 2 2316 1
101 2237 257 2300 commode
280 2238 484 2318 explicentur;
515 2240 571 2300 alia
599 2248 697 2301 tamen
730 2242 866 2319 torqueri
888 2256 1011 2299 necesse
1041 2245 1100 2307 est,
1130 2248 1162 2299 ut
1184 2247 1271 2319 aptus

1 2319 2 2334 ἵ
101 2359 211 2402 sensus
231 2340 371 2417 prodeam
394 2341 426 2400 in
449 2343 488 2402 iis
503 2348 602 2402 autem
624 2340 811 2411 nominibus,
835 2359 910 2419 quae
932 2339 1072 2399 desinunt
1095 2342 1126 2399 in
1150 2341 1270 2422 -γενήε,

98 2442 214 2517 illudq
242 2441 304 2502 vult
335 2441 416 2501 idem
444 2460 509 2503 esse
539 2461 573 2502 ao
599 2460 658 2519 pro
687 2441 747 2502 sire
787 2444 819 2501 r'n
847 2443 959 2509 locem,
989 2448 1022 2499 ut
1049 2441 1089 2499 sit
1116 2438 1269 2516 εὐηγενή(

101 2544 195 2604 ‘bono
219 2542 283 2604 loco
306 2544 343 2603 in
366 2544 486 2605 lucem
510 2544 659 2619 editus',
683 2561 742 2604 non
759 2542 939 2621 simpliciter
954 2541 1044 2602 ‘bono
1060 2540 1124 2602 loco
1148 2545 1269 2604 natus’

101 2643 138 2723 (r.
162 2662 192 2723 p.
216 2639 279 2722 32).
315 2643 376 2705 lam
400 2663 470 2705 vero
492 2664 551 2706 non
567 2645 660 2707 audeo
676 2640 832 2724 equidem,
857 2661 923 2704 cum
946 2663 1051 2722 parum
1074 2647 1190 2721 peritus
1213 2647 1269 2704 sim

100 2747 320 2825 comparativae
343 2743 510 2825 linguarum
534 2749 693 2815 scientiae,
721 2745 758 2806 de
782 2747 921 2806 universa
943 2746 998 2806 bac
1020 2748 1168 2807 sententia
1191 2746 1269 2807 iudi·

99 2851 181 2909 cium
204 2846 319 2918 lacere,
349 2847 401 2908 sed
424 2848 580 2917 nonnulla,
611 2856 644 2909 ut
671 2849 799 2925 ingenue
827 2848 937 2917 latcar,
971 2866 1030 2908 non
1059 2867 1094 2908 ea
1123 2855 1207 2916 sunt,
1236 2856 1270 2908 ut

99 2950 175 3010 mibi
198 2946 287 3009 facile
314 2949 541 3026 persuadeatur.
570 2949 644 3010 Mihi
671 2951 751 3009 enim
780 2951 811 3008 iu
838 2949 887 3007 bis
914 2948 1034 3027 quidem
1056 2947 1268 3024 nominibusq

99 3052 286 3129 praepositio
308 3068 432 3127 prorsus
452 3051 622 3112 redundare
650 3058 681 3110 et
702 3066 922 3128 supervacanea
951 3068 1016 3110 esse
1039 3049 1170 3117 videtur,
1200 3068 1267 3108 cum

99 3172 176 3235 quae
198 3154 282 3213 notio
304 3154 333 3211 ei
356 3152 514 3223 tribuitur,
544 3172 580 3239 ea
602 3154 662 3213 iam
690 3153 755 3230 ipsa
777 3152 879 3212 radice
901 3170 958 3225 γεν
985 3153 1144 3229 perspicue
1168 3152 1267 3227 expri-

99 3264 214 3324 matur,
246 3260 277 3314 et
304 3256 382 3315 scire
405 3256 538 3331 prolecto
565 3255 668 3324 velim,
696 3272 767 3314 num
795 3253 866 3332 quid
895 3254 1080 3313 discriminis
1102 3251 1268 3312 intercedat

98 3359 179 3419 inter
202 3355 356 3433 νεηγενή(
380 3355 409 3434 (δ
431 3352 503 3433 336)
528 3363 558 3416 et
579 3354 733 3433 νεογενή(
757 3352 872 3432 (Aescb.
896 3355 968 3416 Cho.
985 3350 1075 3432 530),
1100 3356 1179 3414 inter
1200 3352 1267 3416 Πυ-

99 3456 237 3536 ληγενή(
260 3456 300 3537 (b.
324 3457 377 3536 dp.
400 3452 471 3536 398)
496 3465 525 3518 et
547 3456 749 3533 Πυλοιγενήε
773 3455 807 3535 (Β
829 3452 881 3517 54.
905 3455 934 3516 Ψ
955 3453 1038 3535 303),
1068 3457 1145 3516 scire
1168 3455 1266 3525 velim,

1 3574 2 3579 ¹
98 3580 152 3622 cur
182 3578 242 3620 non
271 3560 361 3619 etiam
389 3576 445 3638 pro
473 3558 620 3635 mercurie
643 3559 760 3619 dicatur
781 3556 928 3633 διηγενήε
957 3565 1007 3618 aut
1033 3556 1192 3633 νεήγονο(
1214 3575 1268 3635 pro

97 3660 274 3738 νεόγονος,
303 3678 371 3720 cum
393 3659 443 3720 illa
466 3662 582 3720 ratione
605 3660 690 3721 radix
717 3677 774 3734 γεν
797 3662 828 3719 in
851 3660 1023 3738 compositis
1050 3677 1104 3737 pro
1134 3679 1165 3720 se
1189 3662 1286 3720 stare'

98 3782 158 3824 non
182 3780 270 3839 posse
293 3761 439 3823 videatur.
469 3761 569 3822 Donec
591 3763 685 3839 igitur
707 3761 780 3821 baec
805 3763 952 3821 sententia
975 3761 1070 3838 magis
1093 3763 1264 3821 confirmata

97 3867 174 3933 erit,
209 3862 312 3923 licebit
345 3863 464 3924 interim
499 3862 608 3924 Rbiani
641 3862 881 3949 emendationem
918 3861 1143 3935 commendare,
1178 3879 1265 3939 quarn

98 3964 284 4043 splendidam
308 3983 375 4025 esse
399 3973 429 4024 et
451 3982 565 4025 summa
593 3964 680 4025 laude
711 3964 830 4041 dignam
859 3964 987 4024 maximo
1010 3968 1055 4021 est
1078 3962 1265 4029 documento,

95 4066 176 4147 quod
201 4084 258 4126 non
283 4065 369 4126 modo
385 4067 550 4126 sententiae
574 4067 684 4142 optime
708 4067 847 4124 convenit
863 4064 939 4143 (vide
956 4063 1114 4122 Duentzerl
1138 4062 1205 4121 adn.
1229 4062 1264 4122 ad

97 4169 129 4229 b.
152 4167 201 4248 1.),
234 4185 336 4227 verum
368 4169 457 4227 etiarn
487 4167 640 4227 lenissima
669 4166 831 4225 mutatione
861 4172 929 4224 nata
958 4170 1019 4233 est,
1054 4181 1122 4222 rum
1145 4169 1266 4239 praeter

97 4286 188 4330 unam
198 4268 330 4329 litteram
341 4268 415 4328 nibil
430 4267 602 4327 mutandum
615 4274 702 4326 esset.
718 4263 860 4343 Ἄφενο(
872 4272 970 4325 autem
983 4282 1042 4324 non
1053 4263 1184 4323 alienum
1201 4280 1265 4323 esse

97 4390 115 4431 a
138 4370 313 4432 nominibus
335 4370 509 4446 compositis
523 4367 668 4446 probatur
683 4368 730 4427 bis
746 4367 834 4427 locis:
849 4365 961 4427 Gallim.
977 4365 1132 4445 bynutin
1148 4364 1207 4425 lov.
1225 4360 1267 4424 84

1046 4468 1063 4515 4
