3312 5226
660 415 813 513 *aa*

239 605 303 665 llnc
325 607 457 684 pertinet
478 605 609 666 Wollii
638 607 809 668 coniectura
832 605 991 686 quaedam,
1020 624 1096 685 quae
1119 625 1179 666 non
1202 606 1320 667 silentio

153 706 436 787 praetermittenda,
460 708 513 769 sed
535 710 639 787 paucis
661 707 763 768 verbis
785 707 949 769 refellenda
977 714 1031 768 est.
1076 706 1222 778 Quicum
1251 726 1320 788 pro·

153 810 210 888 leg.
233 829 262 888 p.
288 804 349 870 188
372 809 466 870 dicat:
496 811 545 870 ‘nc
575 817 690 871 tantum
712 810 832 890 quidem
855 809 1004 887 reliquum
1020 809 1165 871 habemus
1188 828 1224 871 ex
1239 811 1320 871 Arati

155 910 286 972 editione
309 910 474 991 Odysseae,
497 914 547 973 cui
570 919 603 972 nt
617 911 709 972 iliada
731 910 869 981 adderet,
893 911 1125 991 aplurimorum
1141 911 1321 992 corruptelis

154 1013 325 1081 liberatam,
350 1015 491 1075 invitatus
513 1015 605 1074 luisse
628 1012 739 1075 dicitur
761 1033 777 1074 a
800 1031 871 1092 rege
885 1013 1006 1093 Syriae,
1031 1014 1178 1075 Antiocho
1201 1013 1317 1074 Sotere.

153 1113 237 1186 Quod
261 1133 329 1179 cum
344 1117 456 1177 exitum
473 1134 530 1176 uon
547 1115 717 1184 habuisset,
741 1117 766 1176 si
783 1115 860 1176 hene
881 1116 1073 1185 coniicimus,
1104 1133 1171 1176 eam
1199 1133 1320 1195 operam

154 1219 324 1296 suscepisse
342 1216 460 1278 videtur
472 1216 617 1277 Rhianus'
631 1223 698 1285 cet..
718 1220 790 1278 satis
806 1224 907 1297 aperte
925 1216 1038 1277 indicat
1051 1216 1164 1277 idcirco
1172 1216 1321 1277 Rhianum

155 1317 190 1380 ad
206 1318 307 1379 Iliadis
323 1319 485 1379 editionem
502 1337 674 1397 aggressum
690 1338 765 1389 esse,
789 1321 858 1398 quia
874 1318 1000 1379 consilio
1016 1320 1098 1380 Arati
1114 1325 1254 1399 tanquam
1269 1318 1320 1378 he·

153 1420 280 1481 reditate
296 1426 433 1500 suscepto
456 1438 505 1489 ea,
529 1440 604 1500 quae
628 1424 653 1482 is
675 1424 821 1482 incertum
844 1439 901 1501 qua
924 1420 961 1481 de
983 1438 1070 1481 eausa
1093 1421 1238 1500 perficere
1261 1438 1321 1480 non

154 1525 309 1602 potuisset,
326 1522 463 1583 adfinem
477 1530 555 1584 esset
570 1522 779 1603 perducturus.
804 1521 862 1583 Sed
874 1522 946 1582 haec
962 1522 1133 1582 coniectura
1149 1539 1246 1601 neque
1261 1521 1321 1581 ullo

154 1626 318 1685 sustinetur
347 1623 461 1685 iudicio
489 1631 519 1684 et
541 1627 666 1686 reicitur
689 1643 738 1694 eo,
768 1623 846 1704 quod
870 1640 930 1684 non
958 1622 1059 1684 lliadis
1086 1623 1191 1693 modo,
1219 1641 1321 1684 verum

154 1728 243 1786 etiam
268 1725 417 1806 Odysseae
440 1726 587 1787 aRhiano
610 1744 683 1786 nova
708 1726 799 1786 editio
822 1731 925 1787 curata
942 1732 1001 1794 est,
1025 1743 1082 1805 qua
1098 1727 1234 1802 prolecto
1257 1744 1320 1786 om·

154 1830 226 1888 niuo
250 1846 325 1907 opus
348 1845 408 1887 non
430 1829 552 1897 luisset,
583 1830 608 1888 si
631 1828 707 1889 nihil
735 1826 785 1888 ille
814 1826 893 1889 aliud
917 1829 1043 1906 egisset,
1073 1845 1161 1906 quam
1189 1834 1321 1908 atquae

155 1933 261 1991 Aratus
284 1929 419 1990 incohata
452 1930 615 2009 reliquerat
641 1931 810 2009 perficeret.
855 1929 959 2008 Neque
987 1947 1059 1988 vero
1088 1927 1143 1990 alia
1173 1928 1210 1989 de
1234 1946 1321 1989 causa

153 2031 291 2093 Woliium
315 2034 344 2090 in
369 2031 444 2091 hane
467 2034 671 2093 coniecturam
694 2031 837 2092 incidisse
858 2038 946 2111 puto,
970 2031 1028 2090 nisi
1051 2030 1129 2110 quod
1146 2031 1268 2092 scholiis
1290 2033 1322 2090 in

155 2132 315 2212 odysseam
345 2151 378 2194 ea
407 2141 504 2194 aetate
532 2152 593 2194 non
627 2136 686 2194 iam
719 2136 750 2194 in
778 2134 876 2194 lucem
909 2131 999 2192 editis
1031 2133 1124 2193 solam
1152 2132 1276 2194 lliadem
1305 2152 1321 2193 a

154 2235 269 2295 Rhiano
292 2236 327 2295 ad
351 2237 498 2295 rationem
522 2237 658 2296 criticam
681 2241 848 2295 revocatam
872 2252 938 2294 esse
961 2235 1144 2313 opinaretur.
1183 2234 1321 2295 Ceterum

154 2335 256 2396 eadem
285 2338 387 2415 opinio
422 2338 518 2396 tenuit
551 2339 641 2397 etiam
670 2335 860 2397 Sieheiisium
877 2355 918 2423 p.
942 2332 971 2395 9.
1002 2332 1056 2405 10,
1088 2353 1267 2415 quamquam
1296 2338 1323 2394 is

154 2436 276 2514 quidem
299 2436 482 2496 scholiorum
503 2438 533 2495 in
549 2436 711 2516 Odysseam
734 2435 896 2496 editionem
918 2437 1179 2497 Buttmannianam
1204 2439 1323 2497 novisse

156 2518 215 2596 iam
234 2542 365 2614 poterat.

239 2636 386 2708 Quamdiu
428 2640 564 2698 recensio
601 2638 733 2699 Rhianea
770 2640 1036 2718 grammaticorum
1076 2639 1214 2700 manibus
1251 2641 1322 2700 trita

154 2740 262 2809 luerit,
299 2742 355 2801 etsi
388 2742 523 2801 numeris
550 2740 668 2802 deliniri
702 2743 820 2820 nequit,
853 2748 953 2802 tamen
987 2740 1143 2802 scholiasta
1179 2741 1254 2803 duce
1288 2740 1317 2800 id

154 2849 235 2901 carte
262 2844 406 2921 temporis
433 2845 560 2922 spatium
594 2842 754 2920 designare
782 2862 954 2922 possumus,
989 2861 1048 2922 quo
1081 2846 1140 2922 iarn
1168 2845 1322 2904 interiisse

155 2961 218 3004 eam
253 2953 438 3024 compertum
471 2944 642 3005 habeamus.
692 2944 766 3004 Nam
805 2963 873 3005 cum
906 2963 942 3004 ex
976 2951 1144 3005 ceterorum
1175 2943 1322 3005 librorum

155 3047 221 3106 eius
235 3048 356 3123 generis
371 3054 450 3107 sorte
466 3048 528 3106 veri
546 3046 643 3106 simile
658 3041 758 3125 sit¹⁹),
783 3063 847 3106 earn
863 3044 947 3105 brevi
964 3051 1098 3124 tempore
1120 3044 1322 3106 oblitteratam

154 3149 279 3227 eiusque
303 3150 478 3208 memoriam
501 3149 560 3208 nisi
584 3149 808 3209 commentariis
822 3146 988 3208 Aristarchi
1011 3148 1042 3206 et
1063 3146 1321 3213 Aristarcheorum

154 3249 190 3309 ad
214 3255 350 3328 posteros
372 3269 430 3310 non
453 3258 648 3329 propagatam
670 3268 751 3319 esse,
775 3256 838 3310 tum
861 3267 932 3309 vero
947 3247 1088 3328 Didymo,
1112 3251 1162 3328 qui
1187 3247 1242 3308 sub
1264 3250 1322 3309 Au·
1402 3323 1428 3333 ..

153 3357 241 3428 gusto
264 3353 446 3430 imperatore
479 3353 555 3420 luit,
586 3370 645 3412 non
668 3349 788 3412 licuisse
812 3370 878 3412 eam
901 3352 1066 3430 inspicere,
1090 3370 1148 3410 non
1172 3353 1236 3410 sino
1251 3368 1321 3431 pro·

222 3619 265 3685 19)
278 3618 352 3672 Nam
361 3634 395 3671 ne
406 3618 541 3672 Zenodoti
556 3618 670 3686 quidem
683 3617 816 3688 principis
825 3618 899 3672 illius
911 3618 1159 3687 grammaticorum
1172 3618 1323 3673 editionem

154 3702 219 3755 ante
238 3703 332 3756 oculos
349 3701 481 3756 habuisse
498 3702 648 3770 Didymnm
671 3704 721 3756 ant
738 3701 926 3756 Aristonicum
945 3702 1149 3757 demonstravit
1165 3702 1322 3758 Beccardns

151 3788 170 3841 l.
188 3787 205 3840 l.
223 3804 250 3856 p.
270 3792 316 3854 52,
334 3786 463 3854 idemque
482 3786 558 3841 cadit
574 3802 630 3841 non
648 3786 731 3840 modo
754 3786 783 3840 in
802 3786 1009 3856 Aristophanis,
1038 3787 1087 3840 sed
1111 3786 1199 3841 etiam
1216 3785 1246 3840 in
1264 3803 1322 3843 om·

151 3872 230 3926 nium
252 3872 500 3941 grammaticorum
522 3870 672 3937 editiones,
696 3870 745 3939 qui
767 3872 833 3925 ante
851 3869 1044 3925 Aristarchum
1061 3870 1184 3924 Homero
1208 3885 1323 3938 operam

152 3956 303 4022 dederunt;
320 3973 387 4011 nam
404 3955 583 4010 Aristarchus
601 3955 672 4009 adeo
690 3955 790 4009 horum
813 3954 937 4010 omnium
954 3955 1073 4025 gloriam
1097 3953 1269 4020 obscuravit,
1291 3955 1324 4007 ut

152 4040 219 4096 libri
241 4057 338 4095 eorum
359 4040 441 4094 brevi
462 4042 589 4110 tempore
616 4057 651 4094 ex
674 4057 725 4093 usu
748 4042 777 4093 et
798 4039 928 4094 manibus
948 4039 1092 4094 hominurn
1117 4039 1322 4092 evanescerent.

154 4125 209 4181 Gir.
229 4124 314 4180 etiam
332 4143 380 4195 pp.
392 4130 432 4180 53.
446 4130 478 4179 et
490 4141 559 4193 sqq,
578 4123 626 4179 ubi
643 4123 799 4179 Beccardus
809 4123 951 4192 aptissime
970 4122 1143 4187 observavit,
1161 4120 1320 4190 inscholiis‚

153 4208 203 4265 ubi
225 4210 260 4264 de
282 4210 381 4265 horum
404 4209 570 4265 lectionibus
592 4208 764 4275 traderetur,
790 4208 955 4277 plerumque
982 4210 1031 4263 ant
1052 4205 1248 4276 imperfectum
1274 4209 1323 4262 aut

153 4295 469 4366 plusquamperfectum,
488 4297 586 4350 contra
602 4310 734 4365 praesens
751 4294 863 4362 tempus
878 4293 1000 4363 positum
1018 4307 1090 4358 esse,
1109 4290 1156 4350 ubi
1168 4289 1323 4347 Aristarchi

153 4379 287 4435 lectiones
304 4381 536 4450 proponerentur.
572 4379 627 4437 cfr.
645 4384 689 4434 La
706 4376 826 4434 Rochius
843 4377 861 4432 1.
878 4377 896 4432 1.
913 4394 941 4448 p.
960 4382 1001 4432 50.
