3312 5226
630 409 782 504 --c-r-n

135 593 187 659 τάν
207 595 315 675 μάντιν
337 594 439 660 εἰπεῖν
463 596 682 675 «φραζώμετθ’
706 594 751 661 dc
772 616 827 661 κεν
850 594 1108 678 καταπαάεομεν,
1132 595 1164 660 οἱ
1186 598 1222 663 δὲ
1237 598 1290 662 καὶ

136 695 219 761 αὐτοὶ
239 699 423 763 παυέεθοινι
449 696 486 776 (ν.
511 695 582 780 168)
611 698 662 762 καὶ
684 696 722 762 τὸ
745 697 858 775 «ἡμέας
879 694 1027 775 ὀτρύνων
1049 686 1287 777 καταπαυέμενι

37 858 38 863 ,
136 798 168 877 (v.
188 796 267 879 244).
292 800 421 872 flhcs.
453 800 534 872 Quae
557 801 725 862 emendatio
747 819 801 861 cur
821 803 902 861 omni
926 799 1011 862 lande
1035 802 1125 880 digna
1148 806 1195 873 sit,
1219 822 1286 864 cum

36 940 37 967 γ
134 918 164 961 ex
185 904 277 964 causis
299 905 329 965 in
353 904 468 965 scholio
491 905 556 983 ipso
579 922 594 964 a
618 902 743 982 Didymo
766 903 863 964 allatis
886 903 1041 963 evidenter
1063 912 1177 983 pateat,
1200 908 1287 965 mitto

36 1064 37 1083 γ
133 1006 307 1080 argumentis
339 1006 560 1072 demonstrare;
595 1007 667 1065 satis
701 1013 747 1065 est
780 1005 929 1066 addidisse
959 1023 1025 1066 cam
1059 1024 1119 1066 non
1151 1007 1285 1067 soluma

35 1092 38 1175 s
132 1101 272 1166 Nitzschio
301 1106 375 1167 erkl.
403 1108 487 1167 dnm.
511 1122 564 1166 zur
586 1106 641 1168 Od.
665 1106 677 1166 l
705 1124 735 1185 p.
761 1103 822 1166 100
849 1106 1057 1186 approbatam,
1086 1108 1138 1168 scd
1166 1115 1287 1186 praeter

133 1204 290 1267 behherum
314 1225 392 1268 ncrnc
414 1209 504 1267 etiarn
534 1227 549 1268 a
573 1208 693 1278 Faesio,
722 1210 867 1277 dmeisio,
898 1208 1080 1280 Duentncrc,
1109 1210 1150 1270 La
1173 1210 1285 1270 hochio

131 1316 271 1384 receptam
294 1327 371 1370 esse.
745 1379 748 1383 ,

206 1407 316 1488 pall.
361 1410 557 1472 Telemachus
591 1413 730 1480 Antinoo,
760 1413 811 1488 qui
847 1429 915 1472 eum
950 1411 1123 1473 adhortatus
1157 1419 1216 1482 est,
1253 1409 1335 1475 utto

130 1511 221 1572 missis
242 1513 322 1574 curis
344 1512 484 1573 omnibus
505 1531 573 1573 cum
596 1515 696 1590 procis
718 1512 787 1573 edat
808 1518 839 1572 et
861 1511 958 1583 bibat,
982 1514 1157 1591 respondet:

244 1611 395 1688 Ἀντίνο’,
418 1611 458 1676 οὔ
480 1632 550 1676 πω(
572 1612 654 1677 ἔετιν
677 1610 900 1692 ὑπερφιάλοιο
923 1613 996 1691 μεθ’
1018 1612 1089 1691 ὑμῖν

245 1712 408 1778 δαίνοεθαί
429 1715 463 1777 τ’
485 1713 623 1779 ἀκέοντα
644 1714 696 1778 καὶ
717 1712 942 1793 εὐφραίνεεθαι
964 1713 1089 1792 ἕκηλον.

128 1813 177 1875 llic
197 1816 370 1886 lectionem,
394 1836 482 1897 quam
506 1818 593 1878 hodie
609 1836 714 1878 omncs
728 1818 792 1877 lere
809 1816 952 1877 exhibent
967 1818 1130 1889 editiones,
1147 1815 1286 1883 ἀκέοντα

129 1934 141 1974 a
161 1916 272 1979 libiano
295 1922 394 1999 primo
417 1922 600 1998 propositam
629 1937 695 1980 esse
718 1937 797 1979 nunc
820 1920 1004 1980 demonstrat
1033 1919 1166 1982 scholion
1190 1940 1206 1980 a
1229 1921 1283 1982 Co·

129 2015 189 2078 beto
210 2022 416 2090 emendatum,
446 2021 525 2100 quod
554 2030 639 2082 antea
668 2022 712 2081 sic
735 2028 906 2098 corruptum
930 2029 1009 2090 erat,
1038 2029 1071 2083 ut
1097 2022 1185 2102 plane
1213 2040 1283 2082 con·

127 2123 244 2182 trarium
272 2123 396 2183 doceret
424 2123 614 2202 tuttilemquc
638 2123 797 2184 lectionem
820 2121 960 2186 ἀέκοντα
981 2123 1097 2186 Rhiano
1124 2122 1283 2184 tribueret.

126 2218 211 2289 Quam
232 2224 354 2304 quidem
378 2242 441 2284 rem
465 2227 604 2285 omittere
627 2226 807 2303 potuissem,
838 2226 896 2286 nisi
918 2225 959 2287 La
983 2226 1112 2287 Rcchius
1135 2227 1165 2286 in
1189 2224 1282 2304 Odys·

125 2340 186 2383 scae
208 2326 341 2386 editione
364 2326 603 2386 emendationem
625 2324 786 2385 Rhianeam
809 2327 840 2384 in
857 2329 1090 2388 controversiam
1112 2326 1283 2388 adduxisset

126 2431 152 2483 et
172 2425 206 2486 de
227 2446 261 2488 ea
286 2430 360 2487 satis
382 2435 519 2489 constare
541 2433 697 2505 negasset;
720 2444 812 2506 quare
834 2445 957 2487 necesse
980 2437 1026 2489 est
1047 2427 1106 2488 huc
1135 2427 1281 2488 ascribam

125 2526 248 2590 scholion
283 2547 351 2589 cum
378 2528 524 2590 Dindorhi
558 2529 763 2589 adnotatione:
802 2524 1008 2592 «ἀκέοντα
1046 2526 1132 2591 οὕτω
1164 2526 1283 2607 γράφει

121 2616 253 2693 Ῥιανός·
274 2629 433 2709 γράφεται
456 2630 558 2694 δὲκαὶ
580 2626 761 2694 ἀέκοντα.
777 2665 819 2674 -
834 2628 1000 2693 Ἀκέονται
1023 2629 1167 2691 Sicilia
1189 2637 1281 2691 textu.

123 2727 240 2811 Exque
264 2734 415 2812 sequitur,
444 2732 523 2812 quod
551 2734 582 2792 in
605 2733 717 2793 scholio
746 2735 889 2812 scriptum
918 2740 964 2793 est
990 2730 1148 2811 γράφεται
1174 2731 1283 2797 δὲκαὶ

30 2898 32 2907 ,
123 2824 253 2897 ἀκέοντα
276 2835 448 2895 mutandum
471 2853 537 2896 csse
560 2836 590 2894 in
613 2831 771 2911 γράφεται
794 2833 902 2897 δὲκαὶ
924 2832 1076 2906 ἀέκοντα,
1099 2844 1132 2896 ut
1147 2852 1201 2912 ego
1223 2836 1282 2895 leci

30 2910 32 2973 l
123 2949 183 2993 cum
211 2935 334 2998 Cobcto.
379 2935 489 2996 Eadem
526 2938 556 2995 iu
585 2934 612 2995 Η
639 2939 790 2996 annotatio
819 2954 885 2996 esse
914 2935 1045 3006 videtur,
1080 2937 1116 2997 dc
1148 2955 1207 3016 quo
1237 2939 1281 2996 sic

122 3035 210 3096 rstert
236 3038 403 3098 Porsonus:
440 3035 596 3100 ‘andorra
619 3034 730 3114 ριανόε
751 3035 868 3115 γράφει
891 3035 1044 3113 ἀέκοντα,
1068 3037 1120 3098 sed
1143 3035 1281 3100 ἀκέοντα

30 3152 32 3187 1
122 3136 224 3198 citatur
253 3141 345 3199 etiam
368 3141 399 3199 in
423 3139 544 3199 scholiis
567 3136 690 3218 (320).’»
736 3138 817 3199 ldem
850 3147 1033 3201 censuerunt
1062 3139 1216 3199 Behherus
1249 3146 1280 3199 ct

121 3235 207 3300 ltaur.
231 3240 432 3310 Schmidtius,
460 3242 512 3319 qui
534 3240 653 3320 Didymi
680 3262 710 3321 p.
736 3238 798 3302 189
825 3241 960 3302 scholion
984 3260 1019 3302 ex
1043 3240 1069 3300 H
1091 3242 1280 3320 desumptum

121 3339 214 3402 vorbis
236 3350 384 3403 commate
413 3342 561 3403 distinctis
590 3343 646 3404 hoc
670 3345 757 3404 modo
779 3346 916 3423 scripsit:
954 3341 1124 3406 ἀκέοντα
1152 3340 1279 3406 Ῥιανὸς

118 3438 244 3521 γράφει,
280 3440 461 3506 ἀέκοντα.
505 3443 566 3504 lam
600 3445 657 3505 hoc
690 3446 809 3525 quidem
838 3448 935 3525 primo
964 3451 1085 3524 aspectu
1107 3445 1219 3515 elucet,
1253 3448 1279 3505 si

118 3552 233 3618 praeter
258 3544 509 3606 H·testimonium
532 3545 645 3606 nullum
662 3552 808 3622 exstaret,
830 3547 964 3607 scholion
980 3549 1024 3607 sic
1046 3546 1279 3626 intellegendum

30 3706 31 3711 γ
118 3660 192 3716 esse,
227 3653 262 3707 ut
290 3654 358 3708 ante
387 3645 529 3708 Cobctum
559 3666 573 3706 a
604 3646 783 3709 Buttmanno
810 3648 992 3708 intellectum
1024 3656 1085 3720 est;
1118 3668 1209 3730 porro
1238 3648 1279 3709 La

118 3743 227 3808 llochio
251 3748 474 3809 concedendum
498 3756 559 3819 est,
588 3752 729 3830 quoniam
751 3752 782 3810 in
806 3749 834 3809 Μ
857 3745 994 3813 ἀκέοντα
1016 3751 1092 3811 lalso
1114 3749 1162 3811 bis
1184 3752 1278 3829 scrip·

30 3890 32 3899 ‚
117 3853 176 3909 tum
210 3852 250 3909 sit
282 3857 313 3909 ct
344 3852 375 3910 in
409 3851 553 3912 alterutro
586 3870 602 3910 a
632 3849 756 3911 librario
791 3868 914 3912 necesse
948 3853 987 3912 sit
1016 3860 1171 3930 peccatum
1201 3871 1277 3920 esse,

116 3966 200 4025 posse
224 3952 313 4012 etiam
337 3952 464 4018 iudicari
493 3953 578 4031 prius
600 3949 739 4015 ἀκέοντα
767 3954 901 4012 vitiatum
930 3970 1010 4021 esse,
1041 3953 1166 4014 alterum
1196 3958 1277 4013 recte

117 4068 147 4110 se
168 4052 291 4113 haberc.
336 4057 373 4114 dt
395 4055 438 4113 sic
461 4054 537 4114 banc
565 4072 628 4114 rem
651 4054 818 4115 diiudicare
841 4062 989 4121 vetamur,
1019 4072 1086 4113 cum
1108 4073 1168 4115 non
1191 4055 1277 4113 modo

116 4149 143 4212 Μ
168 4155 200 4214 in
229 4161 311 4215 textu
339 4155 447 4216 habeat
473 4153 624 4226 ἀκέοντα,
659 4156 711 4216 sed
745 4159 833 4216 etiam
858 4190 895 4198 —
926 4158 951 4215 si
981 4163 1064 4216 recte
1095 4157 1277 4235 interpretor

115 4252 258 4316 lectiones
279 4258 375 4317 varias
398 4256 434 4318 ab
457 4256 506 4317 illo
529 4264 723 4319 enotatas-
747 4256 833 4326 Huc
862 4259 893 4317 in
920 4263 1002 4317 textu
1031 4254 1169 4320 ἀέκοντα
1190 4274 1277 4337 prae-

115 4352 218 4418 bcant:
253 4356 322 4418 inde
350 4360 429 4419 enim
452 4362 659 4438 consequitur,
688 4366 721 4420 ut
747 4359 853 4420 scholii
883 4360 911 4421 M
938 4358 1045 4419 lemma
1074 4361 1114 4421 sit
1140 4356 1278 4425 ἀκέοντα
