3312 5226
942 399 982 463 12

384 628 419 638 -
451 600 484 654 ut
512 591 654 655 Meiuelrii
683 590 773 651 verba
802 591 924 653 alierum
951 623 994 634 -
1022 592 1108 651 ‘cum
1137 586 1203 651 eius
1229 585 1324 648 studia
1352 586 1546 665 grammatica

380 696 507 757 maxime
536 694 572 756 ad
601 695 693 754 crisin
722 694 889 755 carminum
918 692 1145 753 Homericorum
1173 691 1376 769 pertinerent,
1405 706 1465 749 non
1493 706 1547 767 po·

380 799 437 859 tuit
460 798 517 858 alio
545 795 633 858 iacile
662 795 728 855 loco
751 813 786 857 oa
809 793 869 857 sibi
891 810 1065 873 comparare
1093 790 1224 853 subsidIa
1251 791 1406 852 doctrinae
1435 790 1548 854 studio·

380 917 507 979 rumque
529 896 725 967 adminicula,
753 914 829 975 quae
857 897 917 956 nisi
946 913 1013 957 eum
1034 892 1188 957 veteribus
1216 892 1361 973 exemplis
1387 894 1549 967 temerario

380 1002 509 1082 quodam
532 999 659 1062 arbitrio
682 999 712 1059 in
728 997 856 1058 Homero
879 1005 1047 1075 grassatum
1068 1013 1134 1058 esse
1156 995 1275 1065 credas,
1298 1012 1425 1075 prorsus
1446 1011 1549 1055 neces·

381 1103 458 1165 saria
488 1103 579 1164 sunt'.
623 1100 728 1180 Neque
756 1117 826 1159 vero
855 1101 887 1160 ln
916 1098 1048 1160 editione
1077 1097 1216 1159 sarienda
1243 1114 1312 1158 eum
1340 1096 1396 1158 soli
1423 1094 1550 1157 arbitrio

381 1223 434 1264 suo
457 1203 634 1273 indulsisse,
657 1201 739 1265 nullo
755 1200 891 1262 adhibito
914 1207 1058 1280 apparatu
1073 1200 1199 1269 critico,
1223 1199 1275 1260 sed
1289 1200 1390 1278 potius
1405 1207 1451 1259 sat
1473 1196 1549 1261 mul-

380 1318 426 1369 tas
448 1305 597 1391 editiones
619 1312 734 1365 veteres
755 1302 1056 1382 InspexisseuiderI,
1083 1301 1162 1363 intra
1184 1300 1310 1361 uberius
1331 1299 1549 1363 demonstrabi-

381 1415 440 1469 tur.
471 1406 566 1478 Quam
589 1406 750 1467 editionem
772 1406 797 1464 si
821 1407 852 1465 in
875 1404 962 1466 Creta
984 1405 1123 1473 lecisset,
1146 1421 1207 1463 noo
1229 1401 1438 1464 Alexandriam
1461 1404 1550 1465 eain

381 1528 486 1571 manua
501 1508 716 1587 Aristophanis,
733 1505 907 1575 Aristarchi,
925 1505 1051 1567 aliorum
1065 1507 1328 1583 grammaticorum
1345 1505 1480 1582 renIsset,
1497 1504 1549 1565 sed

380 1610 539 1671 Homerica
555 1613 621 1672 eius
636 1609 735 1670 studia
751 1610 854 1671 critica
870 1625 949 1668 nunc
961 1608 1128 1668 nonminus
1143 1605 1304 1670 inocculto
1319 1605 1449 1668 laterent
1460 1624 1548 1685 quam

381 1714 529 1790 sagacitas
550 1713 613 1775 ludi
637 1710 772 1789 magistri
795 1709 877 1770 illius
899 1709 1106 1780 Atheniensis,
1131 1712 1183 1788 qui
1204 1707 1367 1769 Homerum
1390 1728 1406 1769 a
1429 1727 1461 1769 se
1484 1710 1550 1787 ipso

381 1814 571 1875 emendatum
595 1812 739 1874 Alcibiadi
762 1811 871 1873 obtulit
895 1810 961 1890 (clr.
978 1810 1101 1872 Wolfius
1122 1810 1237 1890 proleg.
1254 1826 1284 1887 p.
1302 1805 1382 1887 169).
1407 1811 1449 1873 Ao
1463 1827 1549 1887 prae·

381 1924 465 1976 terea
487 1915 567 1995 quod
589 1914 737 1983 Rhianus,
761 1932 829 1975 eum
852 1915 1004 1993 poeticam
1017 1919 1110 1973 artem
1127 1913 1290 1980 iactitaret,
1315 1930 1350 1971 ea
1364 1912 1549 1989 potissimum

382 2034 494 2094 genera
518 2024 648 2078 sectatus
671 2023 730 2085 est,
754 2034 829 2095 quae
851 2015 903 2075 illo
924 2023 1060 2094 tempore
1083 2014 1145 2074 lere
1169 2013 1231 2075 sola
1254 2015 1381 2092 apoetis
1403 2013 1549 2074 industrie

382 2118 605 2186 excolerentur,
636 2117 820 2178 eruditorum
850 2117 995 2177 lectorum
1023 2116 1123 2177 lavore
1147 2114 1389 2184 celebrarentur,
1418 2116 1550 2174 caruitne

381 2221 482 2298 opica,
506 2219 757 2298 ethnographIca,
787 2220 1020 2298 epigrammata,
1050 2217 1079 2277 id
1103 2224 1280 2294 argumento
1311 2222 1370 2284 est,
1399 2234 1468 2275 eum
1491 2234 1550 2276 non

382 2321 486 2382 inille
516 2319 645 2399 βιβλίων
673 2318 785 2403 ἐρημίᾳ
808 2321 943 2383 Cretensi
970 2338 1025 2380 nec
1055 2326 1204 2381 remotum
1232 2337 1247 2378 a
1277 2318 1492 2378 consuetudine
1522 2324 1550 2377 et

382 2423 563 2484 commercio
586 2441 652 2484 cum
675 2425 788 2502 poetis,
812 2424 864 2502 qui
887 2428 950 2485 tum
966 2422 1093 2483 maxima
1116 2420 1203 2481 lande
1219 2419 1376 2489 florerent,
1400 2420 1430 2479 in
1453 2420 1549 2480 studia

381 2527 498 2603 poetica
522 2524 698 2586 incumbere
721 2527 864 2605 potuisse.
910 2524 1043 2603 Cumque
1072 2520 1271 2591 carminibus,
1300 2539 1378 2600 quae
1401 2519 1551 2582 derebus

382 2626 584 2695 Achaeorum,
620 2625 844 2695 Thessalorum,
878 2626 1019 2689 Eleorum
1052 2625 1236 2702 composuit,
1273 2623 1364 2689 multa
1396 2630 1547 2696 tractaret,

382 2746 458 2808 quae
481 2746 518 2788 ex
539 2727 646 2788 harum
668 2729 802 2805 gentIum
825 2727 997 2805 genealogia
1019 2726 1171 2795 fabulosa,
1198 2725 1396 2803 geographia,
1425 2725 1549 2787 historie

382 2830 474 2907 petita
497 2836 613 2898 assent,
637 2846 740 2890 earum
764 2847 869 2889 rerum
891 2831 1023 2890 omnium
1041 2830 1243 2906 cognitionem
1265 2827 1324 2887 nisi
1339 2827 1442 2888 multis
1464 2826 1550 2887 libris

383 2930 486 2990 sedulo
507 2929 648 3008 perlectis
671 2939 723 2992 aut
746 2929 803 2993 illis
824 2930 1001 3008 regionibus
1023 2930 1167 3001 Graeciae
1183 2931 1353 3007 peragratis
1375 2945 1548 3008 comparare

382 3050 441 3092 uon
463 3040 596 3109 poteram
620 3034 866 3111 epigrammatum
889 3050 960 3093 vero
990 3039 1165 3110 argumenta
1194 3032 1327 3111 exceptis
1350 3031 1480 3109 quaein
1503 3048 1547 3091 re·

382 3133 439 3194 bus
461 3136 613 3195 amatoriis
630 3141 801 3204 versantur,
826 3152 885 3193 non
908 3136 973 3194 eius
996 3133 1076 3193 m'odi
1092 3139 1177 3203 sunt,
1202 3140 1236 3193 ut
1258 3135 1290 3194 in
1306 3132 1395 3195 Creta
1411 3151 1480 3193 eum
1495 3150 1548 3210 pu·

382 3236 492 3296 taveris
514 3236 584 3297 talia
606 3237 707 3296 animo
729 3236 918 3314 concepisse,
948 3242 1037 3314 atque
1065 3253 1102 3296 ex
1130 3234 1247 3295 dicendi
1276 3252 1386 3312 genere
1416 3240 1548 3313 apparet,

382 3356 450 3398 eum
474 3356 533 3398 non
556 3337 680 3411 Homeri
704 3336 806 3410 modo,
837 3336 889 3396 sed
919 3337 1008 3397 otiam
1032 3336 1171 3407 Hesiodi,
1196 3336 1332 3404 Pladari,
1356 3334 1547 3413 Theognidis,

383 3439 534 3518 Aeschyli,
559 3439 685 3500 aliorum
708 3448 864 3518 poetarum
884 3438 963 3499 haud
986 3440 1149 3518 inperitum
1170 3440 1278 3508 luisse,
1303 3446 1406 3517 utpote
1421 3456 1548 3517 quorum

383 3558 451 3601 oum
474 3542 637 3601 sententias
659 3548 724 3602 tum
745 3540 887 3603 vocabula
909 3543 941 3601 in
964 3559 1054 3603 usum
1074 3557 1162 3600 suum
1185 3540 1338 3603 interdum
1360 3541 1547 3601 converterit.

382 3642 436 3705 His
459 3650 559 3703 autem
588 3643 769 3721 argumentis
795 3650 1019 3723 peropportune
1048 3644 1212 3712 succurrit,
1241 3642 1321 3722 quod
1343 3641 1476 3705 bibianus
1498 3641 1548 3702 de·

385 3830 588 3838 ——-—.

381 3943 633 4014 admittebat.
657 3965 683 4014 p.
700 3943 827 3998 LXXIII:
859 3943 933 4000 ‘Nec
949 3943 1090 3999 Rhianum
1112 3944 1261 4014 probabile
1284 3947 1326 3998 est
1348 3942 1378 3996 in
1399 3942 1484 3998 Creta
1501 3941 1549 3997 aut

381 4028 411 4081 in
428 4028 540 4082 Aetolia
556 4029 771 4099 grammaticum
788 4027 967 4083 Homericum
985 4029 1096 4098 egisse’,
1114 4028 1163 4082 ubi
1185 4043 1315 4097 quorsum
1333 4028 1455 4098 spectet,
1474 4025 1549 4097 quod

382 4113 411 4165 in
429 4113 571 4168 Aetoliam
588 4113 729 4168 Rhianum
746 4113 885 4180 traduxit,
912 4129 969 4168 non
986 4113 1129 4182 intellego.
1166 4112 1245 4166 Idem
1261 4131 1289 4183 p.
1307 4112 1360 4167 XV
1378 4112 1457 4178 dicit,
1481 4109 1548 4165 satis

382 4197 529 4268 probabile
548 4214 621 4265 esse,
639 4214 697 4251 non
715 4197 804 4252 solum
823 4199 1002 4269 Apollonium
1021 4203 1050 4252 et
1068 4197 1275 4264 Aristarchum,
1297 4196 1346 4252 sed
1364 4196 1449 4252 etiam
1467 4194 1548 4249 Rhia-

382 4299 450 4336 num
474 4283 652 4338 ‘Ptolemaeo
670 4282 850 4352 Philopatore
872 4282 1047 4354 potissimum
1070 4283 1222 4352 regnante’
1246 4285 1402 4351 (art—204)
1430 4281 1547 4337 Alexan·

384 4365 474 4422 driam
491 4366 607 4422 veniam.
