3312 5226
133 605 242 674 luisse,
271 606 434 666 nisiinter
462 612 620 684 utrumque
649 603 800 666 hominem
823 607 945 685 propior
967 605 1112 685 quaedam
1136 609 1213 666 vitae
1235 616 1297 668 stu-

130 706 308 785 diorumque
331 708 462 767 societas
483 707 597 767 luisset.
627 708 664 768 At
686 725 756 767 vero
778 706 902 766 haecine
926 709 1024 775 omnia
1046 725 1083 765 ex
1105 706 1221 769 duobus
1237 706 1298 768 illis

129 807 231 868 verbis
252 808 493 888 consequuntur?
516 807 620 869 Nonne
642 808 745 869 eodem
768 810 850 878 iure,
873 828 933 888 quo
947 807 1113 869 Meinetius
1136 811 1298 871 amicitiam

130 915 261 970 statuere
292 909 348 970 sibi
376 912 457 970 visus
491 919 550 979 est,
586 910 770 971 inimicitiam
799 917 830 970 et
857 910 1021 971 simultates
1047 911 1191 990 quasdam
1218 912 1297 972 inter

130 1019 290 1091 utrumque
312 1012 516 1073 intercessisse
539 1011 707 1073 existimare
730 1013 818 1074 licet?
846 1012 940 1083 Quid?
968 1013 994 1073 si
1016 1012 1095 1073 idem
1118 1012 1296 1076 concludere

129 1113 254 1174 velimus
276 1126 317 1174 ex'
334 1132 386 1183 eo,
415 1114 494 1194 quod
518 1114 623 1175 Suidas
646 1115 676 1175 in
706 1116 761 1175 vita
785 1114 934 1194 Apollonii
962 1115 1050 1174 etiam
1079 1114 1157 1175 hunc
1179 1125 1297 1195 poetam

130 1213 311 1292 (ύγχρονον
344 1212 591 1292 Ἐρατοεθένουε
623 1214 674 1278 καὶ
707 1213 917 1299 Εὐφορίωνος
951 1217 1042 1278 luisse
1076 1215 1193 1287 scribit,
1229 1236 1297 1278 oum

129 1325 229 1378 tamen
251 1316 427 1398 Euphorion
450 1316 666 1388 Chalcidensis,
695 1319 747 1397 qui
774 1324 931 1398 postquam
955 1316 1094 1380 Chalcide
1122 1326 1152 1379 et
1175 1318 1297 1381 Athenis

129 1425 328 1480 commoratus
351 1426 410 1490 est,
435 1419 569 1480 ultimum
592 1420 693 1480 aetatis
721 1427 839 1499 tempus
861 1419 1035 1480 Antiochiae
1059 1421 1218 1498 transegit,
1241 1437 1298 1480 nec
1393 1402 1406 1414 ⁹

129 1520 226 1582 Rhodi
248 1540 304 1582 nec
320 1521 513 1582 Alexandriae
537 1539 666 1600 unquam
691 1523 822 1582 vixerit?
853 1520 1023 1583 Cavendum
1046 1527 1150 1583 estne
1173 1522 1297 1582 nimium

129 1640 306 1703 quaeramus
328 1625 358 1683 in
381 1642 416 1684 ea
444 1622 609 1693 locutione,
638 1641 714 1703 quae
736 1625 978 1703 frequentissima
1007 1631 1066 1694 est,
1095 1623 1147 1684 ubi
1170 1622 1298 1684 hominis

129 1725 253 1787 alicuius
281 1731 362 1785 aetas
385 1724 574 1802 designatur,
602 1725 765 1804 eademque
794 1727 821 1784 vi
850 1735 881 1786 et
901 1733 1048 1805 potestate
1077 1724 1188 1785 similes
1211 1731 1308 1786 voces'

129 1823 314 1907 ἰεόχρονοε,
337 1825 527 1906 turbauere,
550 1824 743 1901 (υνεγγίζων
765 1826 830 1903 (cir.
847 1827 929 1887 Arati
946 1827 1030 1888 vital
1046 1847 1074 1906 p.
1092 1831 1120 1897 3,
1137 1826 1163 1887 ll
1179 1846 1207 1907 p.
1222 1821 1296 1905 442)

129 1929 248 2008 saepius
271 1936 463 2007 usurpantur.
509 1929 550 1988 Ac
572 1929 597 1988 si
619 1929 804 2008 quaerimus,
835 1946 964 2009 quanam
991 1947 1024 1990 re
1047 1928 1153 1990 Suidas
1175 1929 1220 1989 vel
1243 1947 1296 2008 po-

129 2032 190 2091 tius
212 2029 392 2109 Hermippus
415 2037 581 2090 commotus
604 2032 657 2100 sit,
689 2038 721 2091 ut
743 2030 948 2092 Eratosthenis
970 2031 1165 2092 cummaxime
1189 2048 1297 2110 aequa-

129 2131 187 2192 lem
215 2131 364 2192 Rhianum
394 2131 574 2203 nominaret,
609 2140 733 2212 apparet
769 2151 836 2194 eum
869 2134 980 2194 nullam
1012 2133 1090 2194 illius
1123 2134 1199 2193 vitae
1232 2150 1297 2192 rem

130 2232 355 2294 memorabilem
389 2233 425 2293 ad
459 2235 534 2294 certi
567 2236 637 2295 anni
669 2253 829 2296 numerum
862 2253 1002 2295 revocare
1031 2235 1174 2315 potuisse.
1219 2233 1297 2304 Qua·

129 2321 254 2414 propter
282 2336 407 2395 alterum
436 2335 548 2404 virum,
579 2336 630 2413 qui
659 2354 717 2415 qua
746 2343 841 2397 aetate
871 2337 990 2397 vixisset
1011 2337 1199 2396 notissimum
1222 2343 1295 2404 erat,

130 2434 259 2496 debebat
281 2455 441 2516 quaerere,
465 2445 499 2498 ut
520 2436 608 2497 huius
630 2438 783 2516 aequalem
806 2438 890 2498 illum
913 2444 1110 2517 nuncuparet.
1144 2437 1296 2497 Gramma·

131 2537 207 2598 ticus
229 2546 325 2599 autem
348 2556 416 2600 cum
439 2539 573 2599 Rhianus
602 2545 694 2607 esset,
728 2557 827 2600 nonne
861 2545 966 2618 sponte
994 2540 1033 2598 ita
1067 2556 1117 2599 res
1149 2537 1229 2607 tulit,
1264 2544 1297 2598 ut

130 2639 309 2720 Hermippus
332 2641 368 2701 ad
391 2642 454 2701 eius
478 2647 604 2701 aetatem
626 2639 823 2701 definiendam
845 2640 970 2701 alterum
1000 2658 1126 2720 eumque
1149 2638 1296 2700 nobilissi-

129 2759 211 2802 mum
234 2742 358 2819 eligeret
379 2742 623 2819 grammaticum?
646 2741 711 2801 Non
728 2742 801 2802 mihi
823 2743 851 2802 in
868 2742 964 2803 animo
980 2750 1025 2803 est
1041 2759 1150 2818 negare
1166 2741 1297 2820 potuisse

128 2844 209 2912 lieri,
240 2850 272 2902 ut
299 2843 433 2904 Rhianus
461 2850 491 2903 et
513 2842 727 2905 Eratosthenes
753 2845 881 2905 amicitia
910 2851 940 2905 et
967 2844 1133 2904 studiorum
1156 2843 1297 2903 societate

129 2944 370 3012 continerentur,
395 2943 446 3004 sed
469 2945 540 3005 illud
565 2947 692 3007 maxime
716 2946 830 3006 adverti
853 2945 938 3006 velim
961 2946 1164 3005 coniecturam
1187 2963 1203 3004 a
1225 2943 1296 3004 llei-

129 3045 219 3106 nehio
241 3047 424 3126 propositam
448 3065 508 3108 non
530 3065 595 3108 esse
625 3048 665 3108 ita
689 3055 902 3127 comparatam,
934 3054 967 3109 ut
994 3045 1092 3107 nullus
1120 3045 1297 3107 dubitationi

129 3145 213 3208 locus
235 3147 428 3225 relinquatur.

214 3248 371 3310 Maximam
405 3268 475 3311 vero
507 3249 747 3331 probabilitatem
780 3250 872 3311 habet
898 3250 1032 3311 eiusdem
1059 3249 1198 3310 Meinehii
1226 3268 1296 3311 con·

130 3352 244 3411 iectura
266 3349 374 3421 altera,
399 3351 515 3429 degisse
538 3352 685 3413 Rhianum
709 3352 890 3433 aliquamdiu
905 3352 1109 3422 Alexandriae,
1133 3371 1209 3429 oriae
1231 3351 1296 3432 qui·

130 3452 199 3513 dem
224 3470 349 3513 cumea
373 3452 489 3533 dequa
518 3454 607 3514 modo
630 3454 759 3516 diximus
788 3463 849 3515 tam
880 3462 944 3515 arte
972 3455 1127 3524 cohaeret,
1162 3461 1196 3514 ut
1223 3453 1298 3515 haec

130 3553 194 3614 sine
216 3551 266 3613 illa
289 3563 368 3615 stare
391 3572 451 3615 non
474 3557 579 3634 possit.
624 3555 744 3617 Scilicet
773 3556 939 3636 siquando
966 3574 1022 3636 pro
1052 3575 1123 3617 vero
1145 3556 1295 3625 habueris,

129 3655 211 3715 illum
240 3656 366 3715 amicum
396 3655 487 3716 luisse
516 3656 734 3728 Eratosthenis,
770 3659 869 3718 lacere
898 3659 942 3718 vix
971 3658 1099 3738 poteris,
1128 3659 1200 3737 quin
1229 3676 1297 3718 eum

130 3756 323 3818 Alexandriae
347 3764 559 3817 commoratum
590 3777 654 3819 esse
678 3777 815 3829 censeas,
846 3760 986 3839 quoniam
1008 3759 1220 3820 Eratosthenes
1241 3760 1296 3839 Cy·

128 3857 309 3933 renisurbe
326 3866 427 3928 natus,
455 3866 487 3919 ut
509 3859 616 3919 litteris
630 3860 779 3931 studeret,
802 3863 932 3940 primum
947 3861 1164 3931 Alexandriam,
1188 3861 1296 3921 deinde

128 3959 258 4022 Athenas
273 3978 305 4020 se
321 3958 460 4028 contulit,
485 3959 564 4019 unde
586 3977 602 4018 a
619 3959 787 4022 Ptolemaeo
803 3962 950 4039 Euergeta
965 3969 1105 4023 evocatus
1119 3969 1297 4042 perpetuum

130 4061 323 4123 Alexandriae
348 4062 531 4123 domicilium
547 4061 710 4122 collocavit.
735 4062 797 4124 lam
811 4064 889 4124 hanc
905 4064 1024 4144 quidem
1048 4063 1086 4123 ob
1102 4081 1221 4123 causam
1237 4082 1296 4122 non

129 4166 177 4234 ht,
201 4172 234 4224 ut
256 4164 467 4234 assentiamur,
491 4173 521 4224 at
536 4165 707 4224 coniectura
730 4164 779 4225 illa
795 4164 859 4223 aliis
881 4172 1000 4245 tamque
1023 4164 1117 4225 firmis
1139 4181 1297 4241 argumen-

131 4268 168 4337 tis
196 4267 436 4336 commendatur,
472 4274 505 4328 nt
533 4265 569 4327 ad
598 4284 701 4327 vorum
729 4285 818 4346 quam
848 4267 981 4345 proxime
1011 4264 1178 4339 accedatl)
1222 4265 1297 4326 Nam

198 4384 225 4449 9)
243 4379 369 4435 Eandem
387 4379 555 4436 sententiam
571 4380 690 4451 protulit
706 4379 793 4437 etiam
813 4379 949 4437 Rudolfus
964 4380 1150 4436 Merkelius
1166 4379 1297 4451 prolegg.
