3312 5226
731 403 770 467 91

675 491 823 501 -———-—...

167 594 251 670 gotio
273 590 418 660 admovit,
442 591 575 653 nondum
591 593 752 672 diligenter
774 593 855 654 inter
876 613 908 654 se
924 594 1086 655 contulisse
1109 604 1139 657 et
1161 613 1216 674 pro
1238 597 1335 674 digni-

167 701 229 754 tate
263 711 368 754 earum
400 695 432 753 in
461 713 585 755 censum
614 695 762 775 quendam
796 703 826 756 et
854 696 991 757 ordinem
1020 697 1196 774 digessisse,
1230 699 1335 759 sedin

168 793 371 856 diiudicandis
400 794 584 857 lectionibus
612 800 703 859 variis
733 796 929 878 versibusque
952 807 982 859 et
1011 801 1149 877 genuinis
1177 808 1207 861 et
1236 800 1335 861 subdi-

168 897 250 958 ticiis
273 898 353 956 iuter
376 914 408 956 se
431 896 642 975 dignoscendis
671 917 726 959 suo
759 900 896 977 ingenio,
927 900 1081 961 doctrinae
1116 912 1146 961 et
1174 920 1277 962 rerum
1305 911 1335 962 et

169 999 312 1059 dictionis
326 1001 462 1078 poeticae
480 1001 646 1077 cognitioni
668 1001 735 1081 plus
750 1020 838 1081 quam
856 1010 1014 1089 accuratae
1037 1011 1067 1063 et
1089 1005 1184 1064 iustae
1200 1012 1335 1065 veterum

168 1098 317 1160 librorum
341 1102 543 1162 aestimationi
565 1102 709 1162 tribuisse
732 1102 860 1164 videtur.
905 1102 979 1163 Nam
1003 1102 1227 1182 diplomaticam
1259 1124 1335 1185 quae

167 1210 291 1263 vocatur
313 1201 416 1272 tidem,
441 1202 476 1263 ad
500 1221 589 1282 quarn
612 1203 804 1265 Aristarchus
832 1205 952 1265 demum
974 1193 1203 1266 Homericorum
1225 1209 1335 1267 carmi·

142 1370 145 1375 ,
169 1322 241 1363 uum
265 1311 379 1364 textum
403 1305 583 1382 exigendum
607 1324 672 1366 esse
695 1305 841 1367 intellexit
864 1315 894 1368 et
917 1309 1037 1385 erigere
1061 1325 1253 1387 summopere¹
1273 1315 1335 1367 stu·

169 1405 233 1465 duit
244 1401 295 1482 ⁵⁷),
318 1404 453 1466 Rhiauus
476 1408 507 1466 iu
531 1426 583 1468 sua
607 1407 740 1468 editione
764 1408 897 1469 curanda
920 1411 961 1469 ita
984 1417 1102 1470 tautum
1125 1416 1257 1471 sectatus
1280 1417 1333 1483 est,

136 1518 141 1530 ‘
169 1515 202 1567 ut
224 1509 304 1567 inter
327 1507 523 1586 quadraginta
552 1511 685 1590 quinque
707 1509 867 1579 lectiones,
896 1529 972 1590 quae
995 1512 1060 1570 eius
1083 1512 1203 1570 nomine
1232 1513 1335 1571 lerun-

168 1617 233 1677 tur,
263 1616 331 1669 octo
360 1627 397 1668 ex
426 1611 516 1670 variis
549 1610 685 1672 lontibus
717 1611 869 1681 hauriret,
899 1602 1022 1673 ceteras
1058 1613 1256 1674 coniectando
1291 1615 1335 1673 in·

168 1721 271 1771 ventas
294 1729 347 1770 suo
370 1710 463 1773 Marte
486 1721 620 1790 poneret.
666 1711 865 1793 Quamquam,
890 1733 965 1795 quae
989 1721 1034 1773 est
1058 1713 1241 1774 scholiorum
1264 1732 1335 1775 cou-

169 1813 264 1882 dicio,
293 1814 418 1873 minime
448 1815 554 1891 ignoro
576 1814 631 1874 hos
654 1833 795 1876 numeros
817 1833 878 1875 uon
906 1833 1012 1876 vacare
1041 1814 1078 1876 ab
1107 1817 1189 1875 omni
1217 1815 1335 1876 dubita·

168 1917 266 1974 tione:
290 1917 357 1995 quis
380 1916 461 1976 enim
484 1918 602 1995 estqui
625 1919 714 1987 sciat,
740 1936 811 1977 num
834 1917 995 1987 lectioueS,
1024 1916 1136 1996 quihus
1159 1917 1336 1978 scholiastae

168 2024 288 2095 praeter
300 2017 408 2078 Rhiaui
420 2037 529 2079 nomeu
543 2018 616 2079 nihil
629 2018 805 2089 adiecerint,
818 2037 964 2079 omnesre
977 2037 1045 2079 vera
1053 2020 1245 2079 coniecturae
1258 2019 1337 2079 sinti

169 2120 238 2199 quis
250 2119 421 2188 contendet,
437 2122 463 2179 si
478 2119 581 2198 plures
593 2121 738 2181 lectiones
751 2123 816 2181 cius
831 2121 868 2183 ad
880 2140 935 2181 nos
947 2128 1128 2201 propagatae
1141 2128 1251 2195 essent,
1260 2121 1336 2181 hauc

170 2239 260 2300 quam
273 2239 353 2282 nuuc
367 2223 526 2282 statuimus
537 2223 683 2282 rationem
701 2230 731 2282 et
744 2226 985 2284 coniecturarum
1000 2230 1029 2282 et
1042 2221 1204 2282 lectionum
1217 2222 1336 2283 aliunde

170 2330 378 2402 susceptarum
400 2323 489 2403 plane
512 2323 636 2383 eandem
659 2342 884 2402 permansuram
909 2326 1020 2384 luisse?
1043 2323 1080 2383 At
1103 2332 1209 2383 contra
1225 2325 1280 2384 hac
1303 2343 1336 2384 re

170 2423 320 2484 Zenodoto
334 2424 490 2485 dissimilis
502 2424 560 2484 iuit
573 2431 603 2484 et
615 2418 797 2501 singularem
810 2427 840 2485 iu
852 2424 1012 2485 iudicando
1025 2425 1242 2486 firmitudinem
1256 2445 1336 2486 com·

170 2525 322 2605 probavit,
346 2526 423 2605 quod
447 2528 478 2585 in
501 2526 676 2587 uuiversum
698 2527 811 2587 iudicio
833 2527 1047 2605 temperatiore
1071 2533 1101 2585 et
1121 2526 1215 2587 multo
1237 2528 1338 2586 miuus

171 2627 279 2688 audaci
301 2645 389 2708 quam
413 2627 463 2687 ille
486 2627 627 2688 utebatur
658 2636 687 2688 et
710 2635 844 2688 veterum
867 2628 1034 2687 editionum
1056 2629 1219 2688 memoriae
1242 2630 1338 2705 magis

170 2738 259 2789 tenax
283 2736 361 2796 erat,
385 2730 415 2788 id
438 2729 517 2808 quod
540 2748 607 2791 cum
631 2750 667 2790 ex
688 2728 713 2790 A
736 2725 776 2791 97
801 2727 855 2809 (7),
885 2728 938 2788 uhi
960 2728 1094 2789 Rhiauus
1117 2738 1222 2790 contra
1243 2729 1337 2790 Zeno·

171 2832 274 2891 dotum
296 2830 512 2892 Massiliensem
540 2831 703 2893 editionem
732 2838 855 2891 secutus
883 2830 1049 2891 Aristarchi
1079 2849 1233 2892 assensum
1259 2831 1336 2901 tulit,

171 2941 236 2994 tum
260 2951 330 2993 vero
353 2951 388 2992 ex
412 2931 652 2993 athetesibus
674 2933 783 3003 elucet,
807 2931 964 3011 inquibus
986 2934 1199 3010 grammaticus
1221 2932 1269 2993 ille
1292 2935 1338 2992 iu·

171 3036 398 3113 geniosissimus
421 3036 501 3095 inter
524 3053 628 3095 omnes
650 3034 783 3095 editores
812 3035 941 3094 maxime
963 3033 1024 3094 sihi
1047 3033 1169 3095 indulsit
1192 3042 1221 3094 et
1244 3035 1339 3094 iustos

170 3139 245 3197 sines
268 3154 479 3215 nonnunquam
504 3143 644 3214 evagatus
666 3143 726 3204 est;
768 3154 837 3196 nam
865 3137 895 3195 in
924 3134 1062 3195 versibus
1084 3128 1224 3197 omuibus
1246 3136 1338 3197 a‘Ze-

171 3239 282 3299 nodoto
306 3245 357 3298 aut
379 3239 485 3298 eiectis
508 3246 561 3298 aut
584 3236 672 3299 obelo
690 3240 828 3318 apposito
847 3236 995 3298 damnatis
1010 3238 1144 3297 Rhianus
1167 3257 1226 3298 uun
1249 3257 1339 3300 ausus

172 3347 218 3400 est
241 3342 269 3400 ei
291 3341 433 3399 assentiri
457 3347 487 3400 et
509 3342 574 3419 ipse
597 3360 657 3400 non
680 3341 858 3421 plusquam
882 3339 980 3401 tribus
1002 3339 1076 3400 locis
1092 3340 1251 3400 nonnullos
1274 3358 1339 3400 ver·
1395 3390 1397 3393 .

172 3460 223 3501 sus
247 3440 283 3501 ab
306 3439 436 3500 Homero
453 3441 651 3509 abiudicavit,
676 3445 706 3502 iu
730 3426 840 3522 quihus
862 3460 1044 3524 quamquam
1072 3460 1132 3501 uon
1161 3449 1206 3501 est
1233 3444 1339 3502 curci

172 3560 295 3622 prorsus
319 3540 537 3621 obsequamur,
566 3541 717 3604 laudabile
740 3551 840 3604 tamen
863 3551 908 3603 est
931 3534 1170 3612 eiusstudium,
1200 3563 1259 3622 quo
1284 3545 1339 3604 im·

173 3644 277 3723 pedire
299 3643 409 3712 voluit,
439 3661 476 3702 ne
500 3644 648 3703 Homerus
676 3663 777 3703 secum
807 3647 971 3723 pugnantia
994 3653 1045 3705 aut
1068 3664 1287 3723 supervacanea
1309 3654 1340 3706 et

172 3744 312 3822 languida
345 3744 534 3823 loqueretur,
570 3752 600 3804 et
634 3763 694 3804 uuo
723 3745 790 3806 loco
818 3749 836 3806 δ
861 3742 925 3824 158
942 3766 986 3824 sq.
1010 3742 1050 3823 (2)
1085 3755 1205 3825 praeter
1238 3754 1340 3807 cetera

174 3848 265 3907 etiam
287 3845 430 3906 Zenodoti
454 3847 638 3922 argumentis
660 3845 779 3906 videtur
801 3856 900 3907 motus
923 3843 1044 3926 esse.⁵⁸)
1155 3828 1161 3837 ²

242 4184 286 4246 57)
305 4180 347 4234 De
365 4180 520 4236 Aristarchi
543 4179 698 4236 rationibus
721 4178 823 4235 criticis
847 4180 936 4247 deque
959 4180 1096 4234 Zenodoti
1118 4181 1155 4235 ab
1179 4179 1341 4236 Aristarcho

175 4264 334 4319 differentia
352 4266 399 4319 cfr.
419 4264 548 4320 Lebrsius
565 4265 649 4320 Arist.
667 4284 695 4335 p.
714 4270 858 4320 348-386.

238 4350 289 4416 ’58)
307 4348 380 4403 Hine
405 4351 486 4421 patet
510 4367 610 4422 parum
632 4351 708 4408 recte
734 4348 858 4407 iudicare
881 4348 1119 4424 Sengebusohium
1142 4348 1224 4405 Hom.
1247 4349 1342 4408 dissl
1432 4430 1436 4436 ·
