3312 5226
635 432 788 529 „m-

213 618 322 684 ⁶253.
368 619 556 681 Describitur
584 623 657 681 ratis
684 622 847 689 confectio,
877 637 933 698 qua
962 620 1062 680 Vlixes
1084 618 1227 699 Ogygiam
1250 619 1348 685 iro-30

136 723 224 784 sulam
256 722 418 787 relicturus
451 727 511 790 est,
544 727 574 782 et
604 722 738 799 singulae
772 723 837 782 eius
865 730 965 801 partes
995 729 1132 784 accurate
1155 723 1298 803 deinceps

136 831 359 885 enumerantur:

255 923 341 1001 ἴκρια
362 924 398 988 δέ
420 924 548 1001 tritor,
570 922 701 1001 ἀραρὼν
724 922 831 1002 θαμέει
854 922 1063 1002 (sopiretur,

18 1076 19 1079 ,
254 1025 356 1090 uoier·
378 1025 459 1103 ἀτάρ
482 1029 634 1109 μακρῇαν
657 1023 959 1102 ἐπηγκενίδεεει
980 1023 1122 1088 τελεύτα.

18 1152 20 1155 ·
134 1128 227 1189 Schol.
251 1127 571 1205 έπηγκενίάεεει·
594 1124 700 1191 οὕτω(
722 1125 933 1205 Ἀρίεταρχοε.
955 1124 1081 1190 Ῥιανὸς
1103 1126 1140 1190 δέ
1162 1125 1296 1190 έπιτα-
1363 1117 1366 1123 ’

18 1236 20 1259 ἵ
133 1228 251 1293 νίάεε·
285 1226 388 1305 ἤγουν
421 1230 491 1292 roi<
518 1229 652 1306 μακραῖε
674 1227 725 1292 καὶ
752 1226 1025 1306 ἐπεκτεταμέναιε.
1071 1228 1118 1289 Sic
1141 1229 1234 1290 codex
1263 1231 1295 1299 P,

133 1331 327 1393 Buttmanuus
353 1331 446 1391 voluit
473 1328 692 1411 έπεκτανίδεε,
725 1331 803 1410 quod
829 1332 957 1391 maxime
986 1348 1152 1408 congruere
1182 1333 1298 1394 videtur

132 1450 195 1493 cum
217 1433 335 1510 Didymi
358 1433 621 1511 interpretatione,
645 1431 813 1493 Lohechius
835 1433 916 1510 path.
941 1433 1028 1493 elem.
1052 1432 1065 1492 Ι
1088 1452 1117 1512 p.
1133 1429 1197 1495 508
1220 1430 1297 1509 έπη·

132 1533 269 1615 τανίδεε,
292 1534 371 1594 unde
394 1532 562 1597 Diodortius
585 1531 802 1610 ἐπητανίδεεει
823 1535 855 1594 iu
872 1533 1053 1595 scholiorum
1076 1541 1189 1597 textum
1212 1552 1296 1597 rece·

132 1637 184 1714 pit.
221 1635 265 1696 Ite
288 1635 337 1695 his
359 1634 431 1714 quid
461 1628 602 1704 statuam,
631 1634 741 1698 duhius
763 1635 888 1707 haereo,
917 1643 1005 1715 atque
1034 1638 1164 1714 ingenue
1191 1637 1296 1706 lateor,

18 1728 20 1731 ’
133 1737 202 1797 mihi
232 1755 292 1797 non
321 1735 416 1796 videri
440 1736 475 1796 ad
503 1736 650 1816 liquidum
674 1736 799 1816 perduci
821 1757 925 1817 posse,
953 1738 1025 1817 quid
1047 1737 1181 1798 Rhisuus
1203 1740 1297 1817 scrip-

132 1841 202 1898 serit
234 1837 405 1918 quibusque
438 1840 537 1899 causis
577 1838 724 1900 adductus
758 1842 806 1900 sit.
858 1840 998 1902 Veterum
1035 1841 1297 1918 grammaticorum

132 1940 335 2002 adnotationes
357 1941 493 2018 copiosas
508 1942 674 2018 composuit
688 1939 859 2002 Dindorfius
881 1944 914 2003 iu
944 1942 1125 2003 scholiorum
1156 1940 1297 2008 editione,

18 2042 19 2121 j
131 2051 287 2121 praeterea
315 2041 381 2100 ride
416 2039 600 2101 Nitzschium
631 2041 667 2101 ad
701 2041 731 2101 h.
761 2040 779 2102 l.
804 2043 831 2104 ll
863 2062 891 2123 p.
915 2039 966 2104 38.
995 2040 1051 2114 39,
1085 2042 1296 2107 Doederfinum

18 2140 19 2153 .
131 2144 215 2220 gloss.
241 2143 283 2203 lll
310 2161 340 2222 p.
362 2138 427 2203 284
449 2160 479 2201 n.
502 2138 601 2212 2397,
631 2143 666 2204 G.
695 2144 831 2206 Curtium
870 2153 958 2224 etym.
986 2162 1031 2223 gr.
1054 2166 1083 2225 p.
1106 2141 1185 2215 277,
1209 2145 1297 2206 Gras-

18 2326 19 2329 ,
132 2244 241 2307 hohum
265 2244 293 2305 d.
316 2244 395 2305 hom.
419 2242 515 2303 Sehill
535 2263 563 2322 p.
589 2241 640 2305 10.

18 2340 20 2389 ἶ
212 2366 228 2410 ε
254 2343 327 2408 315.
373 2344 563 2424 Tempestate
587 2365 673 2407 saeva
702 2355 803 2407 coorta
826 2347 923 2408 Vlixes
951 2347 1092 2411 fluctibus
1121 2350 1248 2410 iactatus
1269 2344 1347 2410 ecel

18 2424 20 2499 l
131 2448 257 2513 obrutus
277 2467 296 2508 e
319 2455 382 2508 rete
404 2448 499 2508 lracta
522 2448 646 2508 eicitur:

259 2547 305 2611 ὣε
326 2546 390 2626 ἄρα
411 2565 463 2625 μιν
485 2544 611 2623 εἰπόντ’
634 2545 746 2612 έλαεεν
769 2547 850 2626 μέγα
871 2550 954 2627 κῦμα
975 2548 1049 2612 κατ’
1070 2546 1187 2630 άκρηε,

259 2649 369 2715 δεινὸν
392 2647 622 2729 ἑπεεεύμενον,
645 2647 718 2726 περὶ
740 2649 776 2713 δὲ
799 2651 925 2729 εχεδίην
947 2649 1095 2717 ἐλέλιξεν.

171 2751 236 2816 315
258 2753 334 2829 τῆλε
356 2750 390 2814 δ’
412 2748 479 2813 άπὸ
502 2747 625 2827 εχεάίηε
646 2747 768 2815 αὐτὸ(
790 2750 894 2815 πέεε·
924 2750 1083 2829 πηδάλιον
1106 2744 1166 2817 δέ’

259 2852 295 2917 ἐκ
316 2855 433 2931 χειρῶν
454 2850 610 2929 προέηκε·
633 2850 729 2929 μέεον
751 2853 786 2916 δέ
809 2852 840 2918 οἱ
861 2851 949 2918 ἱετὸν
971 2853 1064 2921 ἔαξεν

18 3022 21 3035 ,
258 2954 346 3030 δεινὴ
368 2952 569 3032 μιεγομένων
591 2952 721 3032 ἀνέμων
744 2953 881 3019 ἐλθοῦεα
903 2954 1030 3019 θύελλα.

18 3042 19 3061 ³
132 3060 228 3121 Schol.
252 3054 373 3120 αὐτὸ(
400 3054 506 3118 πέεε·
532 3053 662 3120 Ῥιανὸς
690 3053 813 3121 αὐτὸν
841 3056 1010 3134 βάλε.τό
1033 3059 1114 3134 κῦμα
1137 3055 1299 3134 δηλονότι.

18 3242 22 3249 ι
132 3161 150 3223 ὃ
171 3159 223 3226 καὶ
245 3154 431 3237 &perventi
455 3154 675 3237 ἀντιετρόφωε
696 3157 732 3222 δέ
754 3157 962 3237 ἡρμήνευεεν.
990 3157 1031 3223 οὐ
1053 3157 1114 3237 γάρ
1137 3158 1300 3237 πρότερον

197 3463 245 3524 47)
262 3461 338 3516 Haec
365 3459 462 3515 scholii
480 3460 567 3513 verbe
592 3460 622 3514 in
644 3461 739 3516 codice
762 3460 976 3528 Mediolanensi,
998 3462 1030 3515 ut
1046 3461 1233 3518 Buttmannus
1250 3463 1299 3519 od·

132 3547 251 3614 noterit,
269 3562 287 3600 a
305 3564 329 3599 v.
348 3550 397 3600 315
415 3544 452 3599 ed
469 3563 494 3601 v.
513 3552 563 3599 313
586 3545 789 3600 aberraverunt
811 3548 840 3600 ei
866 3546 971 3600 scholio
997 3546 1038 3601 ibi
1055 3547 1177 3617 ascripto
1196 3548 1299 3603 adhue-

132 3634 210 3699 rent,
226 3632 375 3701 praeterea
391 3632 457 3699 post
473 3631 564 3683 αὐτόν
599 3629 734 3685 insertum
752 3632 794 3684 est
815 3632 845 3685 δέ
869 3634 899 3685 ei
919 3647 985 3684 mox
1006 3632 1094 3686 verba
1116 3635 1163 3687 καὶ
1186 3634 1300 3701 ἄμεινον

132 3718 238 3773 omissa
256 3715 331 3781 sunt,
349 3717 381 3767 ut
398 3713 484 3767 totius
502 3713 609 3779 scholii,
628 3712 705 3781 quod
721 3713 758 3768 ad
775 3733 801 3768 r.
814 3721 863 3769 313
882 3717 922 3771 ὣ(
940 3717 993 3783 ἄρα
1012 3734 1058 3783 μιν
1077 3717 1191 3771 εἰπόντ’
1202 3720 1301 3771 ἔλαεεν

133 3805 203 3869 μέγα
222 3805 297 3867 κῦμα
315 3801 381 3853 κατ’
393 3800 481 3866 ἄκρη(
500 3797 659 3867 oppositum
684 3798 739 3865 est,
760 3799 848 3855 verha
869 3800 943 3854 huno
964 3799 993 3854 in
1015 3801 1129 3854 modum
1151 3818 1300 3870 perperam

133 3884 292 3941 continuari
309 3881 437 3954 putanda
453 3880 521 3935 sint:
541 3885 624 3947 μέγα
643 3888 730 3950 rupo
748 3885 825 3937 κατ’
843 3885 966 3952 άκρηε·
991 3887 1030 3939 ὼ(
1049 3887 1142 3952 φαμέν
1160 3887 1300 3954 κατάκρας

132 3974 219 4026 πόλιν
237 3972 319 4024 ἑλεῖν.
345 3969 451 4022 Ῥιανὸς
469 3969 560 4021 αὐτὸν
581 3968 612 4021 δέ
635 3970 714 4033 βάλε,
737 3970 773 4023 τὸ
796 3974 869 4036 κῦμα
891 3972 1031 4037 δηλονότι.
1067 3968 1149 4023 Cuius
1166 3968 1208 4024 rei
1224 3985 1301 4022 men-

18 4052 19 4063 ²
132 4056 245 4110 tionenr
265 4052 371 4107 nullum
395 4050 535 4118 fecissem,
565 4051 619 4105 nisi
647 4052 791 4107 Polakio
822 4055 947 4109 obserrr.
977 4054 1014 4108 sd
1040 4052 1146 4106 scholia
1170 4052 1200 4105 in
1217 4053 1298 4108 Hom.

133 4140 231 4209 Odyss.
256 4136 355 4207 (Lugd.
379 4134 441 4189 Bai.
466 4140 542 4202 1869)
568 4154 596 4206 p.
619 4143 652 4190 41
671 4137 792 4191 lubitum
814 4140 889 4193 esset
904 4138 969 4192 inde
989 4136 1135 4207 suspicari,
1162 4136 1302 4193 Rhianum

131 4225 217 4278 fuisse
234 4223 307 4277 inter
325 4236 385 4288 eos,
409 4236 478 4287 quos
495 4221 682 4275 Buttmannus
704 4221 858 4277 arbitretur
883 4222 1034 4276 formulam
1047 4222 1122 4293 ,por’
1148 4221 1236 4290 ἄκρη(
1258 4223 1301 4278 iis.

134 4307 272 4363 divisisse:
294 4308 366 4361 κατὰ
378 4306 446 4373 κράε
463 4306 509 4361 vel
527 4308 603 4375 κρήε.
638 4305 711 4361 Nam
729 4305 777 4375 qui
798 4307 858 4361 fieri
875 4306 1013 4376 potuerit,
1036 4307 1067 4359 uh
1087 4304 1162 4359 istud
1180 4307 1301 4377 suspiee-

132 4396 224 4460 τάλαν,
241 4393 271 4446 id
289 4392 423 4447 confiteor
439 4407 485 4445 me
503 4405 559 4446 non
576 4407 658 4461 posse
677 4391 826 4461 expiscari,
844 4409 907 4447 cum
924 4393 1074 4461 praetereo
1090 4391 1162 4444 nihil
1178 4391 1301 4448 inveniu-

1114 4480 1149 4530 5*
