3312 5226
350 589 506 652 habilitate
529 590 719 652 concluditur
741 609 776 650 en
800 589 913 651 scholio
934 590 971 651 ad
994 588 1024 654 Ψ
1046 587 1102 661 81,
1126 590 1179 651 ubi
1202 589 1341 669 Didymus
1363 589 1516 651 Rhianeae

349 692 487 754 lectionis
523 699 631 754 testem
668 692 768 753 laudat
804 691 979 754 clearchum
1023 693 1172 773 quendam
1208 687 1516 772 glossograplrum.²⁰)

348 793 488 855 Scholion
512 800 610 854 autem
634 792 773 855 horest:
796 790 1037 870 εὐηγενέων·
1067 790 1297 872 ’attemperat
1317 790 1369 855 καὶ
1390 790 1517 856 Ῥιανὸς

348 893 601 977 εὐηφενέων,
629 892 666 959 εὖ
693 900 739 978 τῷ
767 890 882 978 ἀφένῳ
904 893 1098 976 χρωμένων,
1127 893 1173 958 ὡ(
1196 892 1356 971 Κλέαρχος
1384 890 1420 958 έν
1446 894 1516 957 soit

348 996 513 1071 rithmum
562 997 625 1059 lam
653 996 739 1059 facile
774 998 921 1078 quispiam
954 996 1134 1067 crediderit,
1169 995 1304 1058 Glearohi
1333 997 1516 1056 mentionem

349 1116 409 1159 non
432 1098 468 1159 ad
497 1100 657 1160 lectionem
684 1097 778 1168 illam,
812 1097 865 1159 sed
898 1098 936 1159 ad
963 1097 1059 1159 solum
1086 1100 1401 1175 interpretamentum,
1436 1097 1515 1178 quod

349 1198 497 1260 adiectum
519 1208 581 1275 est,
605 1201 774 1280 pertinere3
799 1208 829 1261 at
857 1217 911 1260 cur
926 1198 1083 1281 Didymus,
1107 1200 1197 1261 homo
1213 1215 1284 1260 suae
1307 1199 1414 1260 aetatis
1428 1199 1516 1277 longe

348 1300 587 1371 eruditissimus,
611 1303 641 1362 io
663 1301 719 1363 bac
741 1319 774 1362 re
798 1301 833 1362 ad
850 1301 986 1364 clearchi
1008 1301 1174 1362 doctrinam
1191 1301 1352 1379 confugere
1368 1300 1517 1371 debuerit,

349 1421 409 1464 non
432 1403 504 1465 satis
526 1403 725 1482 intellegitur,
753 1421 820 1464 cum
844 1403 984 1464 adiectivi
1007 1400 1169 1482 εὐηφενή(
1191 1405 1276 1481 origo
1300 1409 1330 1463 et
1352 1402 1434 1463 notio
1457 1421 1517 1462 non

348 1520 383 1564 ea
405 1504 457 1574 sit,
480 1522 556 1585 quae
579 1504 699 1566 difficile
720 1504 933 1585 perspiciatur:
957 1503 1073 1566 accedit
1094 1505 1174 1585 quod
1197 1503 1273 1567 bauo
1295 1522 1415 1574 rocem,
1439 1522 1518 1584 qnae

349 1605 483 1667 solitaria
512 1614 678 1686 estusque
705 1606 782 1686 apud
811 1606 901 1667 alium
930 1608 1109 1685 scriptorem
1138 1606 1241 1676 obvia,
1272 1605 1390 1668 aliunde
1413 1605 1514 1668 Clear-

348 1708 422 1768 chus
443 1714 547 1786 petere
575 1709 621 1768 vix
651 1715 769 1785 poterat
795 1726 884 1787 mam
910 1726 947 1768 ex
974 1707 1082 1768 lihiaui
1112 1707 1378 1787 Aristophanisque
1407 1707 1519 1769 editio·

349 1808 438 1871 nibus
474 1808 601 1890 ideoque
638 1809 717 1870 hunc
752 1809 850 1869 locum
894 1811 960 1869 eius
995 1807 1112 1887 glossae
1148 1810 1262 1870 fontem
1300 1808 1429 1871 iudicari
1464 1827 1519 1870 ne·

350 1929 435 1972 cesse
457 1918 531 1971 crat.

767 2396 782 2426 Ο

434 2468 495 2529 lam
517 2469 699 2549 disputaturi
722 2469 759 2531 de
782 2469 972 2530 subsidiis
994 2471 1193 2531 doctrinae
1217 2471 1442 2549 studiorumque
1466 2471 1519 2533 ad·

350 2571 516 2647 ministrlis,
536 2571 646 2652 quibus
668 2574 700 2631 in
723 2590 814 2652 opera
838 2573 943 2632 critica
967 2570 1132 2633 exercenda
1155 2571 1289 2633 Rhianus
1311 2590 1382 2633 usus
1404 2574 1443 2632 sit
1466 2581 1518 2632 aut

350 2681 433 2732 certe
456 2672 591 2734 videatur
614 2691 686 2734 usus
709 2690 790 2743 esse,
814 2680 928 2734 tantum
951 2672 1035 2734 abest
1057 2681 1090 2734 nt
1112 2676 1188 2734 certi
1216 2676 1376 2754 quicquam
1399 2674 1436 2734 de
1458 2673 1515 2734 hac
1554 2690 1557 2695 ·

350 2791 384 2833 re
407 2774 548 2835 tradituro
572 2772 846 2853 deprehendamus,
875 2782 908 2834 ut
930 2774 991 2835 sola
1015 2776 1186 2836 coniectura
1210 2778 1341 2836 nitamur
1368 2782 1514 2856 oporteat.

351 2875 408 2935 Sed
432 2892 470 2935 ne
493 2878 664 2937 coniectura
688 2876 808 2956 quidem
837 2893 957 2955 sperare
986 2877 1058 2937 licet
1079 2895 1134 2937 uos
1161 2884 1220 2936 tarn
1248 2876 1415 2954 probabilia
1437 2894 1516 2937 asse·

349 2985 472 3037 cuturos
494 2996 576 3048 esse,
600 2985 633 3038 ut
653 2978 728 3039 nihil
752 2979 882 3039 resideat
910 2975 1123 3047 dubitationis,
1153 2987 1242 3058 atque
1264 2976 1369 3040 eadent
1391 2980 1422 3038 in
1444 2977 1516 3038 Rhi-

350 3096 439 3139 anum
473 3079 599 3149 cadunt,
635 3099 709 3161 qnae
744 3080 781 3141 de
811 3080 1007 3157 Aristophane
1040 3080 1196 3159 Byzantio,
1231 3081 1314 3141 cuius
1347 3086 1446 3141 tamen
1479 3098 1514 3140 ex

349 3179 527 3241 lectionibus
549 3182 642 3242 multo
666 3183 811 3242 maiorem
835 3199 992 3241 numerum
1008 3180 1186 3242 scholiastae
1210 3189 1417 3252 servaverunt,
1441 3182 1513 3259 hug.

250 3324 253 3328 -
350 3280 502 3343 Nauckius
523 3281 611 3343 hrist.
635 3283 707 3362 Byz.
730 3302 759 3362 p.
782 3278 826 3343 20
848 3282 935 3343 dicit:
964 3283 1189 3363 ‘conquerimur
1210 3282 1299 3352 illud,
1330 3283 1407 3363 quod
1431 3283 1514 3347 scho-

349 3382 453 3443 liastae
476 3385 508 3443 in
536 3383 625 3444 nudis
646 3382 827 3444 lectionibus
849 3384 1050 3445 memorandis
1080 3386 1178 3446 solent
1207 3386 1413 3466 acquiescere,
1443 3386 1514 3445 rati-

349 3482 457 3544 onibus
479 3493 530 3546 aut
552 3487 671 3547 omissis
694 3493 744 3546 aut
769 3485 895 3546 licenter
923 3486 1040 3548 elfictis.
1084 3486 1224 3557 Quamvis
1252 3488 1343 3565 igitur
1369 3486 1515 3566 plurimae

349 3583 438 3644 nobis
460 3585 595 3663 cognitae
623 3587 683 3649 sint
710 3586 944 3668 Aristophaneae
972 3587 1115 3649 editionis
1142 3589 1299 3659 lectiones,
1330 3606 1382 3649 eae
1417 3596 1515 3649 tamen

351 3697 451 3747 utrum
473 3690 663 3750 coniecturae
686 3689 746 3750 sint
768 3708 806 3750 an
827 3691 1024 3751 vetustiorum
1047 3690 1263 3771 exemplarium
1289 3689 1347 3752 tide
1370 3691 1513 3759 nitantur,

348 3788 501 3866 proditum
524 3783 588 3851 iere
616 3809 763 3871 nusquam
792 3792 931 3870 legimus,
961 3791 1111 3853 interdum
1134 3791 1293 3854 divinando
1316 3793 1514 3872 assequimur,

416 3957 460 4024 20)
477 3953 520 4011 De
538 3957 591 4012 hoc
609 3956 777 4012 Clearcho
795 3956 858 4011 vide
876 3955 966 4011 Maur.
985 3956 1170 4012 Schmidtium
1187 3957 1224 4013 od
1241 3957 1360 4027 Hesych.
1379 3975 1400 4012 s.
1420 3975 1446 4012 v.
1464 3958 1516 4024 pri·

347 4057 409 4108 spo.
441 4044 499 4096 ‘roi
522 4044 668 4111 ὁκλῆροε.
696 4043 754 4097 ὑπὸ
773 4041 895 4096 (ὁλεων.
927 4043 967 4098 ωε
987 4042 1162 4110 Κλείταρχος.
1197 4040 1253 4096 Sed
1270 4042 1324 4096 hoc
1341 4039 1444 4097 rectius
1461 4043 1517 4095 for·

348 4125 422 4180 basse
440 4142 474 4180 ex
492 4125 626 4182 clitarchi
642 4124 744 4196 linguis
762 4125 939 4196 desumptum
960 4127 1057 4197 putes,
1079 4125 1133 4181 nisi
1153 4141 1205 4196 pro
1226 4126 1393 4195 Κλείταρχος
1418 4126 1515 4182 reseri-

348 4209 473 4265 bendum
490 4211 708 4280 subtilemque,
727 4227 810 4280 quem
827 4210 899 4267 Solis
917 4211 987 4265 urbe
1000 4209 1084 4280 Cypri
1097 4210 1244 4266 oriundum
1261 4210 1345 4266 fuisse
1363 4212 1393 4266 et
1410 4210 1517 4281 glosse-

348 4295 426 4349 mata
444 4295 636 4365 conscripsisse
655 4312 688 4351 ex
705 4294 850 4350 Athenaeo
868 4295 935 4350 VIII
956 4314 985 4366 p.
1003 4301 1066 4362 345,
1083 4295 1122 4350 Xl
1144 4314 1172 4365 p.
1189 4301 1239 4351 486
1257 4297 1286 4350 ei
1304 4294 1396 4351 Schol.
1413 4295 1515 4353 Venet.

349 4380 373 4434 Ψ
390 4383 423 4432 81
442 4381 630 4448 cognovimus.
665 4378 720 4435 Cfr.
738 4379 829 4448 Elym.
847 4378 884 4434 M.
902 4398 923 4434 s.
942 4397 968 4435 v.
986 4383 1105 4448 βροῡχο(
1123 4382 1152 4436 ei
1168 4399 1196 4451 p.
1215 4386 1278 4449 221,
1297 4386 1339 4436 32.
1360 4387 1416 4448 111,
1434 4387 1471 4436 93
