3312 5226
856 1037 919 1113 VI.

390 1228 547 1308 congestis
575 1235 605 1288 et
632 1227 805 1305 singillatim
828 1228 1022 1307 pertractatis
1049 1227 1201 1288 Rhianeae
1230 1227 1373 1288 editionis
1400 1227 1470 1287 reli·

305 1334 384 1412 quiis
405 1338 500 1392 restat
522 1339 555 1390 ut
570 1344 646 1410 quae
661 1330 731 1391 inde
747 1337 967 1408 cognoscantur
982 1327 1018 1389 ad
1041 1328 1204 1390 indolem
1228 1338 1263 1388 et
1286 1331 1470 1390 rationem

305 1435 399 1494 artis
421 1434 587 1494 criticae
610 1452 627 1494 a
648 1431 793 1492 Rhiano
815 1431 1017 1493 iactitatae
1039 1438 1122 1492 recte
1145 1430 1377 1501 diiudicandum,
1402 1431 1469 1492 hre-

304 1538 380 1596 viter
402 1533 588 1613 complectar
607 1541 640 1594 61
662 1536 747 1615 quasi
769 1552 828 1594 uno
851 1535 882 1594 in
906 1542 1071 1612 conspectu
1092 1551 1210 1612 ponam.

388 1637 483 1716 Atque
505 1635 774 1697 Alexandrinorum
802 1635 923 1716 quidem
947 1637 1122 1696 criticorum
1149 1637 1182 1695 in
1204 1635 1324 1703 ordine,
1354 1642 1469 1714 tempo·

243 1732 248 1741 ’
303 1757 371 1799 rum
394 1740 511 1799 ratione
540 1736 658 1807 hahita,
687 1756 756 1798 eum
778 1738 896 1799 RhIano
923 1737 1022 1798 locum
1050 1738 1279 1816 assignavimus,
1310 1739 1362 1816 qui
1391 1740 1471 1798 inter

305 1836 494 1919 Apollonium
522 1839 672 1900 Rhodium
704 1847 750 1900 est
783 1849 812 1900 et
842 1839 1070 1919 Aristophanem
1098 1839 1292 1918 Byzantium,
1325 1838 1494 1920 illumque*
1533 1918 1540 1929 .

304 1943 434 2020 primum
463 1950 530 2020 post
557 1940 756 2011 Zenodotum,
791 1943 843 2022 qui
871 1943 1002 2017 πρῶτος
1028 1941 1095 2003 τῶν
1123 1937 1265 2017 Ὁμήρου
1294 1939 1471 2018 διορθωτή(

305 2043 434 2112 exstitit,
464 2041 566 2104 iliadis
588 2051 618 2103 et
640 2041 790 2122 Odysseae
819 2045 953 2104 carmina
980 2045 1135 2120 recognita
1164 2050 1193 2103 et
1221 2042 1378 2103 emendata
1405 2042 1470 2104 edi·

230 2144 233 2150 ’
287 2145 385 2205 ‚disse
408 2144 548 2205 diximus.
593 2144 657 2205 lam
679 2163 749 2205 curn
772 2143 943 2205 Zenodotus
971 2144 1048 2222 apud
1072 2144 1209 2205 homines
1238 2145 1389 2214 eruditos,
1417 2148 1470 2225 qui

303 2254 367 2306 tum
389 2246 587 2307 Alexandriae
610 2253 710 2314 erant,
740 2246 919 2307 auctoritate
946 2245 1109 2326 plurimum
1137 2246 1280 2316 valuerit,
1309 2246 1397 2307 facile
1420 2265 1470 2307 ex·

304 2349 486 2427 spectaretis
509 2348 658 2410 Rhianum
685 2356 735 2409 aut
757 2355 853 2409 totum
884 2367 916 2409 se
945 2348 1139 2428 applicavissc
1167 2348 1203 2410 ad
1230 2349 1378 2427 praeclari
1406 2368 1468 2410 rna·

303 2451 391 2528 gistri
414 2450 599 2529 exemplum,
624 2452 710 2511 utin
734 2450 825 2511 verba
849 2451 914 2510 eius
938 2452 1052 2510 iuraret
1074 2457 1104 2511 et
1126 2469 1176 2519 ea,
1199 2450 1310 2530 quibus
1332 2448 1383 2510 ille
1405 2449 1469 2510 lau·

303 2551 372 2612 dem
395 2560 424 2612 61
447 2552 676 2613 admirationem
700 2559 880 2613 consecutus
909 2558 1003 2620 esset,
1033 2553 1122 2613 etiam
1151 2570 1293 2632 superare
1322 2551 1468 2622 studeret,

303 2660 355 2714 aut
377 2660 410 2713 ut
433 2671 519 2714 suam
540 2656 572 2714 in
595 2654 756 2715 iudicando
778 2653 949 2715 libertatem
971 2662 1002 2714 et
1024 2655 1229 2732 integritatem
1245 2654 1468 2723 testificaretur,

303 2754 470 2815 doctrinam
493 2762 523 2815 61
544 2756 693 2816 rationem
708 2757 774 2816 eius
796 2758 933 2818 criticam
956 2755 1057 2816 dedita
1079 2773 1171 2835 opera
1193 2758 1413 2834 inpuguavisse,
1438 2755 1469 2816 id

301 2856 381 2936 quod
411 2855 599 2937 Apollonium
627 2857 777 2918 Rhodium
804 2857 883 2918 libro
911 2854 994 2934 πρὸ(
1022 2853 1211 2934 Ζηνόδοτον
1238 2856 1371 2936 pedestri
1400 2875 1469 2917 ora·

301 2960 384 3017 tione
407 2962 580 3037 conscripto
602 2959 710 3020 secisse
733 2958 917 3021 verisimile
940 2966 1001 3019 cst:
1036 2960 1092 3019 eir.
1116 2958 1358 3036 Scngebuschius
1381 2959 1467 3019 llom.

302 3060 374 3120 diss.
397 3061 410 3120 1
432 3080 461 3140 p.
484 3057 536 3121 42.
580 3053 714 3131 Quorum
736 3061 870 3123 Rhianus
892 3068 1034 3122 neutrum
1056 3061 1142 3131 lecit,
1166 3060 1217 3120 sed
1234 3060 1337 3121 sobrio
1360 3069 1389 3120 et
1406 3079 1467 3120 mo·

302 3162 405 3222 dorato
429 3161 541 3222 iudicio
563 3181 635 3223 usus
657 3163 747 3224 modo
776 3164 929 3224 consensit
956 3181 1025 3224 cum
1048 3162 1199 3222 Zenodoto
1227 3163 1350 3243 eiusque
1377 3164 1467 3222 vesti·

300 3265 359 3340 giis
381 3265 508 3333 institit,
537 3264 627 3324 modo
654 3263 692 3324 ab
716 3282 751 3323 eo
780 3266 906 3325 recessit
933 3272 978 3335 et,
1007 3263 1060 3324 ubi
1088 3267 1167 3324 iusto
1195 3263 1341 3323 fervidius
1370 3265 1468 3340 egisse

301 3364 469 3433 videretur,
493 3367 641 3425 rationem
664 3367 729 3426 eius
745 3364 925 3442 inprobavit.
949 3365 1023 3426 Nam
1039 3365 1169 3426 vidimus
1184 3355 1253 3425 eum
1268 3367 1284 3430 ξ
1299 3360 1363 3426 295
1379 3361 1465 3444 (Alii)

301 3472 330 3525 61
352 3462 459 3527 Υ331
486 3461 546 3544 (18)
570 3466 712 3528 nonnulla
733 3474 899 3529 mutuatum
924 3486 989 3528 esse
1012 3467 1125 3537 abiis,
1154 3485 1229 3547 quae
1252 3456 1311 3528 iam
1333 3466 1466 3527 Zenodo-

301 3576 349 3627 tus
371 3568 555 3645 praeiverat,
585 3568 778 3648 eiusdemque
801 3568 837 3630 ad
861 3571 1070 3630 auctoritatem
1104 3568 1181 3630 haud
1217 3567 1308 3629 dubie
1339 3586 1371 3628 sc
1395 3587 1465 3629 con·
1536 3558 1539 3562 ’

300 3667 386 3738 tulit,
415 3687 484 3729 cum
513 3664 677 3749 ξ52215)
707 3666 865 3732 616124
892 3666 952 3749 (22)
983 3670 1092 3731 ionicis
1121 3669 1333 3732 vocabulorum
1361 3670 1466 3731 formis

181 3832 184 3837 ,
299 3772 450 3831 restitutis
472 3769 635 3841 Homerum
658 3771 777 3834 lonicae
806 3772 895 3849 stirpi
917 3772 1100 3833 vindicaret:
1138 3772 1193 3832 cir.
1224 3771 1467 3850 Sengebusehius

299 3872 385 3933 Hom.
419 3872 490 3933 diss.
515 3872 541 3932 ll
564 3889 593 3950 p.
617 3869 660 3935 64
682 3880 712 3934 61
735 3869 785 3934 65.
831 3875 872 3934 Ac
895 3880 1053 3952 praeterea
1086 3873 1143 3933 hoe
1177 3891 1294 3953 quoque
1327 3892 1395 3934 curn
1430 3892 1465 3933 eo

299 3994 457 4057 commune
480 3973 599 4042 habuit,
623 3974 701 4054 quod
724 3976 822 4036 varias
838 3974 987 4036 editiones
1009 3975 1161 4054 antiquas,
1185 3992 1259 4055 quas
1282 3978 1390 4036 critico
1413 3994 1465 4036 ne·

367 4259 411 4328 56)
430 4258 481 4314 His
498 4259 605 4314 uncinis
623 4258 722 4314 inclusi
739 4274 869 4314 numeros
888 4276 948 4328 eos,
972 4275 1041 4327 quoa
1062 4258 1092 4314 in
1114 4258 1206 4330 capita
1229 4257 1326 4328 quinio
1348 4257 1466 4331 singulis

297 4341 463 4400 lectionibus
479 4343 509 4397 in
525 4343 652 4413 margine
670 4344 793 4414 ascripsi.
