3312 5226
756 339 760 348 ·
802 337 953 437 ,(ε-

295 532 375 595 (ίοιο
398 529 491 609 αἴγλη
514 528 740 609 παμφανόωεα
767 528 817 592 δι’
846 525 1009 608 αἰθέρο(
1037 526 1181 605 οὐρανὸν
1209 524 1277 592 ἷκεν
1301 536 1331 590 et
1355 527 1378 591 Ρ
1398 524 1465 592 425

295 632 451 711 (ιδήρειο(
473 630 655 712 ὀρυμαγδό(
683 631 822 709 χάλκεον
853 629 995 709 οὐρανόν
1022 628 1069 694 ἷκε
1097 629 1149 694 δι’
1177 629 1261 694 αἰθέ
1270 650 1339 709 ρο(
1366 626 1465 708 ἀτρυ-

294 736 420 817 γέτοιο,
442 734 495 796 ubi
517 752 592 813 quae
616 733 685 794 inde
709 754 724 794 a
749 736 883 795 terrain
907 730 1052 810 οὐρανόν
1067 740 1241 812 penetrant,
1264 752 1319 813 per
1341 734 1464 794 aethera

296 844 410 907 meant;
434 837 488 898 elr.
505 831 714 897 etramrssoo.
738 835 820 896 Hanc
836 835 874 896 ob
890 854 1009 897 oausam
1031 835 1162 896 aether
1182 837 1340 915 propius
1356 820 1467 897 abest

297 961 313 1002 a
328 948 430 1000 terra
447 956 535 1018 quam
552 934 728 1014 οὐρανό(
745 944 774 997 et
789 937 825 998 ab
841 936 1015 998 hominibus
1030 937 1161 1016 conspici
1184 943 1296 1015 potest,
1326 954 1394 998 eum
1408 957 1465 998 nu·

297 1043 366 1111 bes,
389 1057 466 1120 quae
488 1038 562 1099 caeli
586 1045 689 1118 portae
712 1026 901 1118 appellantur
926 1037 990 1116 (eir.
1015 1034 1122 1100 6749.
1140 1035 1166 1100 Θ
1182 1032 1245 1099 393
1268 1057 1337 1098 oum
1359 1037 1464 1119 schol.)

298 1145 438 1205 disiectae
461 1148 545 1202 sunt:
568 1139 601 1203 Π
622 1137 686 1201 300
709 1138 786 1211 etl-l
809 1137 872 1203 558
895 1138 929 1202 ἔκ
951 1139 983 1202 τ’
1005 1137 1127 1219 ἔφανεν
1150 1140 1245 1202 πᾶεαι
1269 1138 1393 1203 (κοπιαὶ
1414 1139 1468 1203 καὶ

297 1243 447 1324 πρώονε(
469 1240 561 1319 ἄκροι
582 1241 633 1305 καὶ
654 1240 769 1323 νάπαι,
799 1239 977 1318 οὐρανόθεν
998 1239 1032 1304 δ’
1059 1238 1115 1318 ἄρ’
1142 1240 1307 1319 ὑπερράγη
1329 1238 1467 1306 ἄεπετο(

299 1344 427 1426 αἰθήρ,
451 1353 480 1405 et
504 1344 526 1406 Ρ
548 1341 604 1405 371
634 1341 663 1406 οἱ
686 1342 720 1406 o'
741 1341 835 1406 ἄλλοι
857 1342 966 1420 Τρῶε(
988 1342 1039 1406 καὶ
1060 1341 1244 1421 ἐυκνήμιόε(
1265 1341 1386 1421 Ἀχαιοὶ
1414 1341 1467 1407 εὔ-

298 1450 389 1524 κηλοι
412 1444 586 1524 πολέμιζον
614 1443 681 1508 ὑπ’
708 1443 852 1525 αἰθέρι,
880 1444 1025 1508 πέπτατο
1060 1443 1093 1509 δ’
1121 1443 1203 1522 αὐγὴ
1230 1443 1340 1520 ἠελίου
1368 1443 1468 1526 ὀξεῖα,

299 1548 403 1628 νέφο(
431 1546 465 1610 b'
494 1544 534 1610 οὐ
557 1545 693 1626 φαίνετο
721 1546 823 1623 πάεη(
850 1546 942 1624 γαίη(
969 1544 1044 1610 οὐδ’
1074 1544 1189 1623 ὀρέων.
1229 1547 1324 1607 Simul
1353 1566 1390 1608 ex
1418 1549 1469 1608 his

299 1650 438 1712 versibus
454 1651 642 1710 manifestum
660 1656 718 1720 est,
735 1648 846 1726 αἰθέρα
857 1651 981 1728 eogitari
997 1668 1055 1709 non
1071 1668 1158 1729 posse
1175 1651 1233 1709 nisi
1249 1666 1367 1728 puram,
1385 1668 1467 1710 sere·
1487 1694 1491 1698 »

299 1773 383 1823 nam,
408 1759 528 1813 aeterna
551 1751 618 1811 luce
642 1752 866 1830 splendentem,
890 1770 946 1811 neo
968 1751 1100 1812 nubibus
1121 1770 1176 1811 nee
1199 1751 1295 1811 imbre
1319 1770 1374 1811 neo
1396 1770 1469 1813 ven·

300 1859 339 1915 tis
372 1853 535 1928 turbatam,
571 1859 603 1912 ut
626 1852 758 1915 Eustath.
789 1873 819 1932 p.
844 1849 914 1923 729,
938 1850 981 1913 34
1010 1849 1029 1914 ό
1062 1849 1267 1930 ὑψηλότατα(
1299 1852 1352 1915 καὶ
1383 1851 1471 1932 φωτὶ

301 1952 505 2034 λαμπόμενα(
533 1951 594 2029 ἀήρ
618 1961 647 2013 et
671 1951 767 2024 1110,
791 1951 847 2024 23,
882 1954 934 2014 ubi
967 1952 1077 2031 αἰθέρα
1106 1959 1244 2034 usurpari
1273 1956 1387 2015 indicat
1416 1952 1471 2017 ἐπὶ

302 2055 424 2134 αἰθρία(
445 2055 495 2118 καί
517 2056 658 2130 καθαροῦ
680 2054 731 2117 καὶ
753 2053 917 2134 ἀνεφέλου
946 2052 1043 2134 άέρο(
1065 2054 1147 2134 παρ’
1173 2054 1318 2138 Ὁμήρῳ,
1348 2055 1410 2133 ἀὴρ
1432 2055 1472 2119 οὲ

301 2159 321 2236 ἡ
344 2156 478 2235 ἀοραεία
501 2156 552 2220 καὶ
574 2155 739 2239 (κότωειε,
763 2157 942 2238 quibusoam
965 2160 1102 2219 eonlerre
1131 2162 1212 2220 iuvat
1239 2160 1402 2219 locutiones
1424 2167 1473 2220 sat

303 2265 477 2342 trequentes
499 2258 640 2336 ἐκάλυψε
664 2257 698 2322 δ’
719 2255 776 2338 ἄρ’
797 2258 867 2336 ἠέρι
889 2261 996 2343 πολλή
1020 2260 1050 2339 (Γ
1072 2257 1144 2338 381)
1175 2268 1204 2321 et
1224 2259 1307 2323 κατὰ
1329 2258 1363 2322 δ’
1389 2257 1472 2336 ἠέρα

303 2361 429 2428 πουλὺν
452 2360 563 2440 ἔχευεν
581 2360 618 2440 (Θ
638 2357 691 2442 50)
706 2370 737 2422 et
758 2381 844 2423 usum
861 2363 1074 2423 adieetivorum
1091 2365 1315 2423 notissimorum
1336 2358 1472 2441 ἠερόει(,

303 2467 380 2548 quod
410 2472 456 2525 est
484 2463 601 2524 Tartari
630 2464 784 2543 epitheton
813 2463 840 2525 Θ
870 2460 926 2532 13,
961 2459 1141 2539 ἠεροειδήε,
1170 2463 1248 2542 quod
1278 2464 1314 2523 de
1342 2462 1473 2524 obscuro

303 2557 515 2630 maris‘eolore
538 2564 568 2627 Ψ
591 2562 667 2635 744,
692 2566 728 2626 de
752 2575 837 2626 antro
861 2565 1050 2626 tenebricoso
1072 2585 1093 2644 μ
1115 2562 1158 2627 80
1179 2573 1354 2646 usurpatur,
1377 2563 1472 2643 ἠερο-

304 2671 429 2750 (peirac,
452 2687 511 2748 qua
534 2666 732 2746 appellatione
760 2668 869 2748 Erinys
893 2667 899 2729 Ι
923 2665 983 2729 571
1016 2675 1045 2728 et
1066 2665 1092 2730 Τ
1115 2664 1154 2729 87
1184 2668 1381 2728 describitur:
1415 2669 1472 2728 elr.

305 2770 503 2833 Doederlinus
532 2769 670 2847 glossarii
698 2769 711 2828 l
738 2788 766 2848 p.
790 2766 811 2830 5
831 2789 875 2850 sq.
903 2789 932 2830 n.
961 2766 981 2830 6
1010 2778 1040 2830 et
1068 2766 1143 2849 750)
1189 2770 1267 2830 Ηίιιο
1296 2771 1386 2830 etiam
1418 2769 1473 2830 lux

305 2876 429 2936 affertur
451 2874 551 2932 versui
574 2870 601 2934 Θ
623 2868 686 2933 550
708 2868 754 2933 titt
777 2870 810 2934 δ’
832 2870 885 2936 ὅτ’
907 2870 942 2935 ἐν
966 2870 1097 2954 οὐρανῷ
1119 2869 1216 2948 ἄττρα
1232 2870 1368 2950 φαεινὴν
1391 2867 1475 2949 ἀμφὶ

306 2974 441 3052 (ελήνην
478 2971 609 3053 φαίνετ’
645 2971 839 3053 ἀριπρεπέα,
878 2970 932 3036 ὅτε
955 2971 989 3035 τ’
1025 2970 1141 3036 ἔπλετο
1174 2972 1312 3050 νήνεμο(
1346 2970 1472 3050 αἰθήρ,

260 3101 272 3112 ³
305 3077 411 3142 πάντα
433 3073 468 3137 δέ
490 3074 522 3138 τ’
544 3070 660 3138 εἴδεται
681 3072 792 3152 άετρα·
814 3075 928 3153 γέγηθε
952 3074 987 3139 δέ
1008 3094 1043 3138 τε
1059 3073 1165 3155 φρένα
1185 3073 1304 3154 ποιμήν
1327 3082 1396 3144 cet,
1418 3072 1474 3135 ubi

305 3200 360 3263 per
382 3179 587 3260 pleonasmum
609 3178 674 3237 voci
696 3175 788 3254 αἰθήρ
819 3178 970 3256 epitheton
999 3176 1138 3256 νήνεμο(
1159 3177 1319 3246 tribuitur,
1348 3182 1381 3236 ut
1402 3175 1473 3236 inde

305 3303 365 3344 non
388 3282 476 3341 liceat
499 3276 834 3355 οουοίυιίοτο,ἀίθέρα
862 3281 948 3341 etiam
977 3277 1179 3357 ἠνεμόεεεαν,
1200 3279 1261 3339 diei
1282 3296 1379 3358 posse.
1417 3277 1475 3339 Cui

229 3412 236 3425 ·
306 3388 362 3471 rei
375 3403 435 3444 non
458 3383 628 3459 refragatur
651 3399 669 3442 0
692 3376 755 3441 293
777 3381 876 3445 τοίαν
899 3379 933 3443 b’
953 3377 1085 3459 ἴκμενον
1102 3377 1204 3457 οὖρον
1225 3376 1266 3451 ‘te
1287 3380 1475 3454 γλαυκῶπι(

307 3484 438 3566 Ἀθήνη,
465 3482 586 3562 λάβρον
609 3480 813 3557 ἐπαιγίζοντα
835 3481 879 3546 δι’
907 3480 1051 3563 αἰθέροε,
1078 3502 1147 3544 nam
1176 3516 1217 3526 -
1244 3489 1278 3543 ut
1306 3483 1476 3542 rectissime

308 3589 478 3649 observavit
493 3585 637 3646 Lebrsius
652 3587 672 3646 Ι.
689 3586 707 3647 ἰ.
724 3606 753 3666 ρ.
771 3581 881 3646 170-
898 3584 965 3646 ‘boe
982 3586 1018 3645 de
1042 3586 1190 3646 industria
1205 3586 1335 3664 positum
1358 3592 1418 3652 est,
1443 3590 1478 3643 ut

307 3688 516 3767 intellegamus
549 3689 672 3757 aeriter,
712 3688 762 3748 sed
797 3687 926 3749 iucunde
960 3688 1081 3748 dantem
1115 3694 1236 3747 ventum
1266 3686 1358 3746 luisse
1392 3685 1476 3745 eaelo

309 3811 417 3854 sereno
439 3808 545 3851 navem
568 3790 706 3850 celeriter
729 3789 971 3869 impellentem.''
990 3789 1047 3849 Sed
1071 3795 1212 3868 quattuor
1234 3793 1348 3847 restant
1371 3804 1476 3848 versus

308 3897 359 3976 qui
383 3912 473 3972 aegre
502 3893 669 3971 dirigantur
698 3892 733 3952 ad
762 3892 843 3951 hano
865 3891 1083 3971 interpretandi
1111 3908 1246 3950 normam
1274 3907 1308 3948 ae
1331 3888 1475 3966 regulam,

309 4015 377 4057 oum
400 3995 504 4057 aether
527 4001 556 4056 et
580 4000 631 4054 aer
658 3995 737 4053 inter
765 4013 795 4053 se
825 3993 966 4053 conlundi
995 3993 1166 4053 videantur:
1195 4009 1264 4051 nam
1287 3987 1313 4052 Ο
1336 3986 1392 4060 20,
1421 3991 1476 4052 ubi

377 4234 419 4295 50)
439 4228 494 4283 on.
514 4228 600 4283 etiam
617 4226 703 4281 sohol.
723 4227 761 4282 ad
779 4226 863 4297 Soph.
887 4227 928 4280 El.
947 4230 980 4281 87
1001 4226 1166 4294 <<ίεόμοιρον
1188 4226 1219 4279 δέ
1236 4228 1288 4292 γή(
1306 4223 1397 4291 ἀέρα»
1414 4226 1478 4279 τὸν

309 4316 435 4369 (κότον
453 4313 549 4382 φηείν,
566 4313 614 4367 ἴνα
632 4314 667 4366 τὸ
685 4312 777 4380 ((φόο(
789 4313 897 4378 ἁγνόν»
915 4311 1181 4381 ἀντιδιαετέλληται.
