3312 5226
638 421 790 525 je—

132 617 322 696 rclragantur
350 621 430 679 enim
458 618 502 679 illi
531 636 635 679 versus
662 619 728 680 loco
753 615 775 681 Ρ
797 614 860 679 408
879 636 959 698 sqq„
986 617 1040 679 uhi
1063 615 1166 680 'lhctis
1195 626 1297 698 aperte

132 729 260 798 negatur
281 721 342 780 lilio
365 728 492 780 urortem
515 721 643 781 Patrocli
666 720 861 801 praedixisse:
885 718 1021 782 πολλάκι
1041 719 1104 797 γάρ
1125 718 1201 794 τόγε
1225 719 1297 796 (scil.
1361 711 1364 715 ⁵

132 839 163 881 se
188 831 255 882 ante
277 824 431 882 interitum
454 822 561 883 Troiae
584 825 754 902 periturum
777 823 852 905 esse)
874 820 992 900 μητρός
1014 819 1167 885 ἐπεύθετο
1183 819 1298 901 νόςφιν

132 920 280 1004 ἀκούων,
308 921 327 999 ἥ
357 921 387 985 oi
415 922 651 998 ἀπαγγέλλεςκε
673 923 755 988 Διὸς
782 924 936 1003 μεγάλοιο
966 921 1079 1001 νόημα.
1108 923 1146 1001 δὴ
1168 921 1242 987 τότε
1263 921 1298 998 γ’

133 1022 238 1086 odoi
266 1022 374 1088 ἔειπε
402 1025 500 1089 κακόν
529 1025 644 1102 τόςον,
673 1023 768 1090 όςςον
797 1026 928 1108 ἐτύχθη,
956 1024 1074 1106 μήτηρ,
1104 1024 1170 1088 ὅττι
1198 1023 1240 1102 ῥά
1268 1023 1299 1086 οἱ

132 1125 219 1189 πολὺ
241 1124 394 1204 φίλτατος
416 1126 515 1191 ὤλεθ’
537 1127 672 1206 ἑταῖρος.
711 1129 773 1189 llac
790 1130 888 1208 ‘igitur
910 1130 1108 1209 repugnantia
1132 1130 1158 1188 si
1180 1135 1298 1207 poetam

132 1228 262 1290 liberare
284 1231 390 1301 voluit,
419 1233 519 1291 lacere
542 1249 603 1291 nnn
630 1233 740 1311 putuit,
769 1233 842 1311 quin
864 1230 1008 1305 alterutro
1037 1230 1103 1290 luco
1130 1231 1299 1310 complures
1340 1274 1345 1281 1
1438 1248 1442 1255 ·

132 1350 237 1392 versus
260 1334 388 1393 ciceret:
412 1334 497 1393 eiecit
520 1340 618 1394 autem
642 1329 721 1393 (10
743 1341 772 1394 et
797 1331 849 1403 11,
874 1335 943 1415 quia
964 1333 1074 1394 mirum
1097 1349 1163 1393 esse
1185 1332 1298 1401 debuit,
1396 1376 1399 1377 ν

133 1434 213 1513 quud
241 1433 385 1505 Achilles,
414 1453 481 1496 cum
511 1435 637 1496 amicum
666 1435 728 1496 suis
756 1437 846 1496 armis
875 1438 1055 1497 instructum
1084 1453 1151 1495 cum
1179 1434 1299 1514 Myrmi-

133 1535 263 1596 donibus
292 1539 324 1596 in
351 1554 481 1617 pugnam
509 1540 556 1597 ire
585 1543 752 1615 pateretur,
782 1555 886 1597 eurum
915 1556 990 1617 quae
1018 1537 1122 1598 Thetis
1151 1536 1299 1616 quondam

132 1638 338 1717 praedixerat,
367 1658 427 1699 nnn
451 1640 624 1699 recordatus
646 1646 720 1699 erat.
767 1639 825 1700 Sed
853 1647 915 1700 tum
946 1639 1051 1699 eodem
1078 1639 1190 1698 iudicio
1218 1637 1299 1698 dam·

133 1742 214 1799 navit
237 1742 326 1800 etiam
349 1759 377 1801 v.
399 1737 478 1815 409,
502 1758 561 1821 quo
584 1743 689 1801 matris
703 1742 874 1801 vaticinatio
890 1742 1053 1811 indicatur,
1077 1747 1109 1801 nt
1132 1742 1163 1800 in
1186 1739 1299 1800 scholio

133 1860 188 1921 pro
212 1838 271 1903 οὐκ
292 1839 371 1919 ἦςαν
395 1839 425 1904 oi
448 1838 474 1919 θ’
497 1843 709 1920 corrigendum
732 1845 771 1903 sit
793 1839 823 1903 oi
850 1838 893 1922 γ’;
930 1860 1108 1923 quamquam
1138 1841 1213 1902 hanc
1236 1860 1298 1901 rem

134 1952 167 2003 ut
185 1944 294 2022 'parum
315 1947 428 2004 certam
450 1946 481 2003 in
504 1962 648 2022 suspenso
670 1945 841 2024 relinquere
864 1946 957 2004 tutius
979 1946 1046 2004 erit.

219 2049 237 2109 δ
261 2042 436 2107 158-160,
468 2045 579 2107 Ηοίοιια
594 2046 820 2117 Telemachum,
844 2048 895 2126 qui
912 2046 1035 2125 Spartae
1059 2064 1126 2106 cum
1142 2040 1329 2107 Pisistrato2

134 2149 265 2227 hospitio
290 2156 429 2226 acceptus
452 2156 511 2218 est,
541 2149 708 2226 conspicata
738 2152 839 2210 statim
867 2157 993 2229 propter
1015 2151 1122 2210 miram
1146 2150 1211 2208 eius
1233 2166 1300 2208 cum

133 2258 218 2330 patre
241 2249 465 2310 similitudinem
487 2268 555 2309 eum
579 2248 670 2310 Vlixis
691 2251 784 2311 filium
808 2268 873 2310 esse
896 2252 1024 2321 conicit;
1048 2250 1095 2309 cui
1111 2252 1301 2311 coniecturae

133 2351 286 2412 Menelaus
307 2351 395 2430 plane
418 2354 595 2421 assentitur,
619 2353 687 2430 qnia
715 2355 779 2431 ipse
807 2352 900 2411 Vlixis
923 2353 1074 2412 mentione
1102 2352 1179 2412 iacta
1201 2352 1301 2430 hospi·

133 2461 195 2511 tem
223 2452 359 2510 lacrimas
387 2452 563 2512 fundentem
596 2452 679 2511 vidit.
724 2452 799 2512 Tum
835 2470 905 2512 veru
932 2452 1104 2538 Pisistratus
1130 2452 1301 2512 Telemachi

133 2569 281 2631 suumque
303 2570 412 2611 nomen
435 2571 493 2612 nnn
518 2553 645 2631 amplius
667 2553 824 2613 tacendum
849 2571 912 2613 esse
935 2561 1017 2614 ratus
1038 2553 1112 2613 hacc
1135 2554 1223 2614 dicit:

179 2650 240 2713 156
289 2651 428 2730 Ἀτρείδη
452 2653 600 2717 Μενέλαε
622 2653 808 2733 διοτρεφές,
831 2649 953 2733 ὄρχαμε
976 2656 1079 2735 λαιῖιν,

286 2754 394 2818 κείνου
417 2753 475 2833 μέν
496 2775 547 2818 τοι
569 2754 625 2819 ὅδ’
645 2753 715 2819 uid(
738 2754 917 2846 imsuper,
934 2756 979 2819 ὡς
1002 2754 1181 2834 ἀγορεύεις·

287 2854 370 2919 ἀλλὰ
394 2856 547 2936 ςαόφραιν
569 2856 647 2934 ἐςτί,
670 2859 852 2936 νεμεςςάται
873 2857 907 2919 δ’
929 2856 978 2922 ἐνὶ
998 2861 1087 2940 θυμῷ

287 2954 350 3020 ὧδ’
372 2957 475 3023 ἐλθὼν
497 2959 535 3022 τὸ
550 2962 683 3036 πρῶτον
698 2958 885 3039 ἐπεςβολίας
907 2956 1099 3037 ἀναφαίνειν

181 3057 241 3122 160
291 3057 371 3124 ἀντα
395 3060 501 3143 ςέθεν,
523 3065 582 3124 τοῦ
605 3062 664 3125 min
687 3063 763 3124 θεοῦ
786 3060 831 3124 ὣς
853 3060 1026 3140 τερπόμεθ>
1048 3058 1138 3141 αὐδῇ.

287 3160 389 3239 αὐτὰρ
413 3162 466 3242 ἐμὲ
489 3163 627 3242 προέηκε
649 3163 799 3240 Γερήνιος
821 3161 941 3225 ἱππότα
965 3161 1092 3241 Νέςτωρ

287 3269 333 3347 τῷ
355 3262 419 3342 ἅμα
441 3266 573 3344 πομπὸν
596 3264 738 3329 ἕπεςθαι·
767 3263 896 3328 ἐέλδετο
918 3263 984 3342 γάρ·
1003 3283 1036 3328 ςε
1059 3263 1176 3327 ἰδέςθαι
1198 3271 1254 3325 cet.

134 3366 181 3426 Ad
209 3367 283 3427 haec
314 3367 451 3429 adnotata
479 3377 563 3430 sunt:
593 3366 653 3431 oin<
680 3365 840 3445 ἐφέροντο
874 3365 909 3430 ἐν
938 3373 976 3449 τῇ
1003 3367 1132 3431 Ῥιανοῦ
1160 3363 1192 3428 οἱ
1218 3367 1302 3442 τρεῖς

134 3466 235 3544 ςτίχοι
263 3468 328 3549 (H),
358 3471 481 3549 eiusque
511 3471 655 3531 athetesis
683 3488 789 3531 causac
819 3471 883 3530 sine
911 3469 1003 3530 dubio
1030 3469 1220 3531 declarantur
1248 3469 1303 3529 hnc

134 3568 247 3630 scholio
271 3568 381 3630 altero:
405 3568 489 3632 ἀλλὰ
512 3569 683 3649 ςαόφραιν·
712 3569 801 3645 παρὰ
822 3569 863 3633 τὰ
884 3568 1002 3647 πάτρια
1023 3570 1076 3634 καὶ
1103 3568 1164 3648 οὐχ
1187 3568 1303 3649 ἁρμότ-

133 3689 234 3733 τοντα
261 3676 307 3752 τῷ
327 3668 555 3747 Πειςιςτράτοα
582 3671 761 3752 προςώπιμ·
798 3671 849 3734 καὶ
876 3671 913 3734 τὸ
937 3673 1119 3749 νεμεςςάται
1147 3670 1218 3734 ἀντὶ
1245 3674 1303 3734 τοῦ

133 3770 270 3853 αἰδεῖται
293 3771 354 3851 οὐχ
377 3771 562 3851 Ὁμηρικῶς.
584 3771 634 3835 καὶ
656 3771 687 3834 αἱ
709 3772 888 3851 ἐπεςβολίαι
910 3773 1045 3847 γελοῖαι.
1069 3773 1144 3836 ὅθεν
1159 3770 1303 3848 Ζηνόδο-

133 3892 192 3936 τος
215 3876 394 3951 μεταποιεῖ·
417 3873 597 3953 έπιςτομίας
626 3872 817 3951 ἀναφαίνειν
847 3871 901 3952 (Q).
939 3875 1012 3936 Cum
1035 3883 1133 3935 autem
1157 3876 1304 3933 extentio

135 3975 251 4037 scholio
286 3977 398 4037 eisdem
435 3977 482 4036 his
512 3977 650 4036 versihus
677 3979 822 4055 ascripto:
867 3974 1054 4040 ἀθετοῦνται
1082 3973 1177 4037 πέντε
1205 3973 1304 4050 ς’τίχοι

136 4075 183 4141 ὡς
205 4078 347 4156 περιττοὶ
368 4078 420 4141 καὶ
442 4077 506 4141 ὑπὸ
530 4077 608 4142 νέου
630 4075 812 4140 παντάπαςι
834 4076 977 4151 λέγεςθαι
1005 4074 1168 4152 ἀπρεπεῖς.
1199 4075 1235 4154 (ll
1257 4074 1303 4153 Q).

135 4178 245 4243 ἄλλαις
266 4199 300 4243 τε
330 4177 407 4242 οὐδὲ
437 4178 750 4258 ςαμβονλευςόμενος
777 4183 822 4260 τῷ
847 4177 1004 4260 Μενελάῳ
1031 4177 1198 4257 πάρεςτιν,
1228 4173 1304 4238 ἀλλ’

136 4279 167 4343 εί
188 4301 259 4346 τινα
282 4281 443 4359 κληηδόνα
465 4282 587 4359 πατρὸς
615 4281 737 4344 ἐνίςποι
767 4278 811 4359 (Q)
834 4298 1075 4357 cognoscamus,¹
1091 4278 1165 4338 alius
1187 4296 1304 4357 quoque

136 4387 363 4462 grammaticus,
401 4386 434 4444 in
470 4385 517 4445 his
555 4384 774 4454 Aristarchum,
812 4383 897 4443 cuius
933 4382 1013 4443 cheli
1049 4383 1096 4443 his
1133 4381 1234 4442 verbis
1266 4380 1303 4441 ab

1086 4487 1101 4534 3
